Date,Symbol,Spot,Contract,Price,Premium,Size,Bid/Ask,Volume
"10/15/24, 04:55:05 pm",SPXW,--,5880P 10/15/24,$20.22,"$80,880",40,$19.70 - $20.60,--
"10/15/24, 04:55:05 pm",SPXW,--,5910P 10/15/24,$46.46,"$92,920",20,$46.10 - $47.20,--
"10/15/24, 04:51:43 pm",SPXW,--,5850C 10/15/24,$17.59,"$33,421",19,$17.39 - $17.70,--
"10/15/24, 04:51:43 pm",SPXW,--,5860C 10/15/24,$11.19,"$90,639",81,$11.10 - $11.30,--
"10/15/24, 04:51:43 pm",SPXW,--,5850C 10/15/24,$17.59,"$142,479",81,$17.39 - $17.70,--
"10/15/24, 04:44:59 pm",SPX,--,5300P 01/17/25,$48.05,"$96,100",20,$47.80 - $48.20,--
"10/15/24, 04:44:59 pm",SPX,--,5300P 01/17/25,$48.04,"$120,100",25,$47.80 - $48.20,--
"10/15/24, 04:44:59 pm",SPX,--,5300P 01/17/25,$48.05,"$120,125",25,$47.80 - $48.20,--
"10/15/24, 04:44:59 pm",SPX,--,5300P 01/17/25,$48.05,"$124,930",26,$47.80 - $48.20,--
"10/15/24, 04:44:59 pm",SPX,--,5300P 01/17/25,$48.03,"$225,741",47,$47.80 - $48.20,--
"10/15/24, 04:42:58 pm",SPXW,--,6000C 11/15/24,$48.31,"$28,986",6,$48.10 - $48.50,--
"10/15/24, 01:58:58 am",SPXW,--,5750P 11/01/24,$29.90,"$74,750",25,$30.20 - $30.70,--
"10/15/24, 01:58:07 am",SPXW,--,5750P 11/01/24,$29.90,"$74,750",25,$30.20 - $30.70,--
"10/15/24, 01:46:34 am",SPX,--,5900C 10/18/24,$11.52,"$2,304,000",2K,$11.10 - $11.80,--
"10/15/24, 01:46:34 am",SPXW,--,5900C 10/25/24,$31.92,"$6,384,000",2K,$31.70 - $32.20,--
"10/15/24, 01:46:09 am",SPX,--,5900C 10/18/24,$11.52,"$2,304,000",2K,$11.20 - $11.80,--
"10/15/24, 01:46:07 am",SPXW,--,5900C 10/25/24,$31.92,"$6,384,000",2K,$31.80 - $32.29,--
"10/15/24, 01:45:08 am",SPX,--,5900C 10/18/24,$11.60,"$2,320,000",2K,$11.10 - $11.50,--
"10/15/24, 01:44:55 am",QQQ,$497.36,494C 10/15/24,$3.76,"$31,960",85,$3.73 - $3.85,2.836K
"10/15/24, 01:44:54 am",TLT,$93.73,94.5P 10/18/24,$0.96,"$28,800",300,$0.96 - $0.97,907
"10/15/24, 01:44:51 am",SPXW,--,5850P 10/25/24,$38.65,"$38,660",10,$38.50 - $38.90,--
"10/15/24, 01:44:45 am",SPXW,--,5860P 10/16/24,$17,"$30,600",18,$16.80 - $17.20,--
"10/15/24, 01:44:43 am",QQQ,$497.40,515C 10/25/24,$0.52,"$104,104",2.002K,$0.52 - $0.53,5.542K
"10/15/24, 01:44:36 am",SPX,--,5900C 10/18/24,$11.52,"$2,304,000",2K,$11.30 - $11.70,--
"10/15/24, 01:44:36 am",SPXW,--,5900C 10/25/24,$31.92,"$6,384,000",2K,$31.60 - $32,--
"10/15/24, 01:44:36 am",SPXW,--,5050P 11/08/24,$7.17,"$51,624",72,$6.90 - $7.30,--
"10/15/24, 01:44:35 am",SPXW,--,6070C 11/08/24,$20.90,"$25,080",12,$20.60 - $21.40,--
"10/15/24, 01:44:35 am",SPXW,--,6100C 11/08/24,$15.52,"$37,248",24,$15.30 - $15.90,--
"10/15/24, 01:44:35 am",SPXW,--,5200P 11/08/24,$9.19,"$44,160",48,$9 - $9.40,--
"10/15/24, 01:44:35 am",SPXW,--,5300P 11/08/24,$11.53,"$55,344",48,$11.30 - $11.80,--
"10/15/24, 01:44:35 am",SPXW,--,6070C 11/08/24,$20.90,"$27,170",13,$20.60 - $21.40,--
"10/15/24, 01:44:35 am",SPXW,--,6100C 11/08/24,$15.52,"$40,352",26,$15.30 - $15.90,--
"10/15/24, 01:44:35 am",SPXW,--,5200P 11/08/24,$9.19,"$47,840",52,$9 - $9.40,--
"10/15/24, 01:44:35 am",SPXW,--,5050P 11/08/24,$7.17,"$55,926",78,$6.90 - $7.30,--
"10/15/24, 01:44:35 am",SPXW,--,5300P 11/08/24,$11.53,"$59,956",52,$11.30 - $11.80,--
"10/15/24, 01:44:34 am",SPY,$584.15,550P 11/15/24,$2.87,"$64,288",224,$2.87 - $2.88,38.04K
"10/15/24, 01:44:33 am",SPY,$584.15,558P 12/20/24,$6.76,"$27,040",40,$6.75 - $6.78,152
"10/15/24, 01:44:33 am",SPY,$584.15,573P 12/20/24,$9.71,"$38,840",40,$9.68 - $9.72,113
"10/15/24, 01:44:32 am",SPXW,--,5850C 10/16/24,$26.25,"$26,250",10,$26.10 - $26.40,--
"10/15/24, 01:44:12 am",SPY,$584.15,577P 10/18/24,$0.96,"$55,872",582,$0.96 - $0.97,6.206K
"10/15/24, 01:44:11 am",IWM,$222.90,210P 11/01/24,$0.67,"$33,500",500,$0.65 - $0.68,39.53K
"10/15/24, 01:43:44 am",SPX,--,5900C 10/18/24,$11.60,"$2,320,000",2K,$11.30 - $11.90,--
"10/15/24, 01:43:44 am",SPXW,--,5900C 10/25/24,$32,"$6,400,000",2K,$31.90 - $32.20,--
"10/15/24, 01:43:03 am",QQQ,$497.34,490P 11/15/24,$8.36,"$30,969",37,$8.34 - $8.38,5.591K
"10/15/24, 01:43:03 am",GLD,$245.04,244C 10/14/24,$1.04,"$104,000",1K,$0.85 - $1.04,8.565K
"10/15/24, 01:43:00 am",QQQ,$497.34,490P 11/15/24,$8.36,"$25,947",31,$8.34 - $8.38,5.554K
"10/15/24, 01:42:57 am",VIX,--,11.5C 10/16/24,$8.65,"$32,005",37,$8.50 - $8.75,--
"10/15/24, 01:42:57 am",VIX,--,11.5C 11/20/24,$7.02,"$25,974",37,$7 - $7.10,--
"10/15/24, 01:42:56 am",QQQ,$497.35,490P 11/15/24,$8.36,"$33,480",40,$8.34 - $8.38,5.523K
"10/15/24, 01:42:54 am",SPXW,--,5950C 11/01/24,$30.71,"$42,994",14,$30.40 - $31,--
"10/15/24, 01:42:54 am",SPXW,--,5940C 11/01/24,$34.45,"$44,785",13,$34.20 - $34.70,--
"10/15/24, 01:42:45 am",SPX,--,5600P 11/15/24,$36.79,"$36,790",10,$36.50 - $37,--
"10/15/24, 01:42:44 am",SPX,--,5600P 11/15/24,$36.79,"$36,790",10,$36.50 - $37,--
"10/15/24, 01:42:44 am",SPX,--,5600P 11/15/24,$36.79,"$36,790",10,$36.50 - $37,--
"10/15/24, 01:42:43 am",SPX,--,5600P 11/15/24,$36.72,"$36,720",10,$36.40 - $37,--
"10/15/24, 01:42:43 am",SPX,--,5600P 11/15/24,$36.72,"$36,720",10,$36.40 - $37,--
"10/15/24, 01:42:42 am",VIX,--,11.5C 10/16/24,$8.65,"$32,870",38,$8.50 - $8.75,--
"10/15/24, 01:42:42 am",VIX,--,11.5C 11/20/24,$7.02,"$26,676",38,$7 - $7.10,--
"10/15/24, 01:42:42 am",VIX,--,11.5C 10/16/24,$8.65,"$64,875",75,$8.50 - $8.75,--
"10/15/24, 01:42:42 am",VIX,--,11.5C 11/20/24,$7.02,"$52,650",75,$7 - $7.10,--
"10/15/24, 01:42:40 am",SPXW,--,5830C 10/16/24,$40.44,"$404,400",100,$39.20 - $41.30,--
"10/15/24, 01:42:40 am",SPXW,--,5830C 10/15/24,$35.49,"$354,900",100,$34.40 - $36.90,--
"10/15/24, 01:42:38 am",SPXW,--,5800P 10/18/24,$11,"$33,000",30,$10.90 - $11.10,--
"10/15/24, 01:42:31 am",SPY,$584.15,590P 10/28/24,$7.61,"$101,974",134,$7.54 - $7.62,294
"10/15/24, 01:42:26 am",QQQ,$497.30,490P 11/15/24,$8.36,"$46,872",56,$8.34 - $8.38,5.271K
"10/15/24, 01:42:19 am",SPXW,--,5750P 10/31/24,$26.50,"$53,000",20,$26.30 - $26.60,--
"10/15/24, 01:42:12 am",SPXW,--,5200P 11/01/24,$4.90,"$49,000",100,$4.59 - $4.90,--
"10/15/24, 01:42:12 am",SPXW,--,5750P 11/01/24,$30.80,"$77,000",25,$30.20 - $30.60,--
"10/15/24, 01:42:12 am",SPXW,--,6000C 11/01/24,$16.39,"$164,000",100,$16.20 - $16.50,--
"10/15/24, 01:42:12 am",SPXW,--,5790P 11/01/24,$38.60,"$193,000",50,$37.79 - $38.29,--
"10/15/24, 01:42:12 am",SPXW,--,6075C 11/01/24,$5.50,"$27,500",50,$5.50 - $5.80,--
"10/15/24, 01:42:12 am",SPXW,--,6060C 11/01/24,$6.90,"$34,500",50,$6.90 - $7.30,--
"10/15/24, 01:42:12 am",SPXW,--,6050C 11/01/24,$8,"$40,000",50,$8 - $8.30,--
"10/15/24, 01:42:12 am",SPXW,--,6030C 11/01/24,$10.60,"$53,000",50,$10.70 - $11.10,--
"10/15/24, 01:42:12 am",SPXW,--,6020C 11/01/24,$12.20,"$61,000",50,$12.30 - $12.70,--
"10/15/24, 01:42:12 am",SPXW,--,6010C 11/01/24,$14.10,"$70,500",50,$14.10 - $14.50,--
"10/15/24, 01:42:11 am",QQQ,$497.20,490P 11/15/24,$8.36,"$51,894",62,$8.34 - $8.38,5.158K
"10/15/24, 01:42:11 am",SPX,--,5625P 10/18/24,$1.50,"$30,000",200,$1.45 - $1.55,--
"10/15/24, 01:42:11 am",SPX,--,5885C 10/18/24,$17,"$170,000",100,$16.80 - $17.39,--
"10/15/24, 01:42:11 am",SPX,--,5885C 10/18/24,$17,"$340,000",200,$16.80 - $17.39,--
"10/15/24, 01:42:11 am",SPX,--,5885C 10/18/24,$17,"$85,000",50,$16.80 - $17.39,--
"10/15/24, 01:42:09 am",SPY,$584.15,530P 02/28/25,$7.19,"$72,619",101,$7.19 - $7.27,1.08K
"10/15/24, 01:42:09 am",SPY,$584.15,530P 02/28/25,$7.19,"$186,940",260,$7.19 - $7.27,719
"10/15/24, 01:42:09 am",SPY,$584.15,530P 02/28/25,$7.19,"$186,940",260,$7.19 - $7.27,979
"10/15/24, 01:42:09 am",SPY,$584.15,530P 02/28/25,$7.19,"$297,666",414,$7.19 - $7.27,459
"10/15/24, 01:42:02 am",SPY,$584.15,586P 10/14/24,$1.75,"$35,000",200,$1.69 - $1.79,8.128K
"10/15/24, 01:42:02 am",SPY,$584.15,587P 10/14/24,$2.75,"$55,000",200,$2.64 - $2.87,1.419K
"10/15/24, 01:41:56 am",SPX,--,5275P 12/20/24,$33.64,"$1,345,600",400,$33.29 - $33.70,--
"10/15/24, 01:41:56 am",SPX,--,5000P 12/20/24,$20.84,"$125,040",60,$20.80 - $21.10,--
"10/15/24, 01:41:56 am",SPX,--,5000P 12/20/24,$20.84,"$125,040",60,$20.80 - $21.10,--
"10/15/24, 01:41:56 am",SPX,--,5000P 12/20/24,$20.84,"$125,040",60,$20.80 - $21.10,--
"10/15/24, 01:41:56 am",SPX,--,5000P 12/20/24,$20.84,"$125,040",60,$20.80 - $21.10,--
"10/15/24, 01:41:56 am",SPX,--,5275P 12/20/24,$33.64,"$201,840",60,$33.29 - $33.70,--
"10/15/24, 01:41:56 am",SPX,--,5275P 12/20/24,$33.64,"$201,840",60,$33.29 - $33.70,--
"10/15/24, 01:41:56 am",SPX,--,5275P 12/20/24,$33.64,"$201,840",60,$33.29 - $33.70,--
"10/15/24, 01:41:56 am",SPX,--,5275P 12/20/24,$33.64,"$201,840",60,$33.29 - $33.70,--
"10/15/24, 01:41:56 am",SPX,--,5275P 12/20/24,$33.64,"$201,840",60,$33.29 - $33.70,--
"10/15/24, 01:41:56 am",SPX,--,5275P 12/20/24,$33.64,"$201,840",60,$33.29 - $33.70,--
"10/15/24, 01:41:56 am",SPX,--,5275P 12/20/24,$33.64,"$201,840",60,$33.29 - $33.70,--
"10/15/24, 01:41:56 am",SPX,--,5000P 12/20/24,$20.84,"$833,600",400,$20.80 - $21.10,--
"10/15/24, 01:41:54 am",SPXW,--,5855C 10/15/24,$16.97,"$28,849",17,$16.80 - $17,--
"10/15/24, 01:41:46 am",SPY,$584.15,586P 10/14/24,$1.73,"$34,600",200,$1.68 - $1.78,7.928K
"10/15/24, 01:41:46 am",SPY,$584.15,587P 10/14/24,$2.74,"$54,800",200,$2.64 - $2.88,1.219K
"10/15/24, 01:41:34 am",SPXW,--,5860P 10/18/24,$27.10,"$32,520",12,$27 - $27.40,--
"10/15/24, 01:41:34 am",SPXW,--,5860C 10/18/24,$32.86,"$39,444",12,$32.79 - $33.20,--
"10/15/24, 01:41:34 am",SPXW,--,5860P 10/18/24,$27.12,"$40,680",15,$27 - $27.40,--
"10/15/24, 01:41:34 am",SPXW,--,5860P 10/18/24,$27.12,"$43,392",16,$27 - $27.40,--
"10/15/24, 01:41:34 am",SPXW,--,5860C 10/18/24,$32.89,"$49,335",15,$32.79 - $33.20,--
"10/15/24, 01:41:34 am",SPXW,--,5860C 10/18/24,$32.89,"$52,624",16,$32.79 - $33.20,--
"10/15/24, 01:41:34 am",SPY,$584.15,578P 11/22/24,$8.34,"$33,360",40,$8.34 - $8.39,138
"10/15/24, 01:41:29 am",SPXW,--,5840C 10/15/24,$27.70,"$55,400",20,$27.70 - $28.20,--
"10/15/24, 01:41:29 am",SPXW,--,5840C 10/15/24,$27.90,"$33,480",12,$27.90 - $28.20,--
"10/15/24, 01:41:29 am",SPXW,--,5840C 10/15/24,$27.70,"$102,490",37,$27.90 - $28.20,--
"10/15/24, 01:41:29 am",SPY,$584.15,585P 10/18/24,$3.19,"$43,065",135,$3.18 - $3.20,10.48K
"10/15/24, 01:41:29 am",SPXW,--,5840C 10/15/24,$27.70,"$102,490",37,$27.60 - $27.70,--
"10/15/24, 01:41:26 am",SPXW,--,5870C 10/15/24,$8.60,"$102,340",119,$8.50 - $8.69,--
"10/15/24, 01:41:24 am",SPXW,--,5840C 10/15/24,$27.70,"$58,170",21,$27.60 - $27.70,--
"10/15/24, 01:41:23 am",SPXW,--,5840C 10/15/24,$27.70,"$27,700",10,$27.60 - $27.70,--
"10/15/24, 01:41:23 am",SPXW,--,5840C 10/15/24,$27.70,"$77,560",28,$27.60 - $27.70,--
"10/15/24, 01:41:05 am",XLF,$46.72,43P 11/15/24,$0.16,"$120,000",7.5K,$0.15 - $0.38,7.652K
"10/15/24, 01:41:05 am",XLF,$46.72,43C 11/15/24,$4.21,"$3,157,500",7.5K,$3.80 - $4.40,7.582K
"10/15/24, 01:41:04 am",SPX,--,6010C 11/15/24,$44.31,"$44,310",10,$44 - $44.70,--
"10/15/24, 01:40:45 am",SPXW,--,5820C 10/15/24,$44.53,"$75,701",17,$44.10 - $45.20,--
"10/15/24, 01:40:45 am",SPXW,--,5820C 10/15/24,$44.53,"$75,701",17,$44.10 - $45.20,--
"10/15/24, 01:40:45 am",SPXW,--,5815C 10/15/24,$49.44,"$84,048",17,$47.20 - $51.40,--
"10/15/24, 01:40:45 am",SPXW,--,5815C 10/15/24,$49.44,"$84,048",17,$47.20 - $51.40,--
"10/15/24, 01:40:45 am",SPXW,--,5820C 10/15/24,$44.53,"$146,949",33,$44.10 - $45.20,--
"10/15/24, 01:40:45 am",SPXW,--,5820C 10/15/24,$44.53,"$146,949",33,$44.10 - $45.20,--
"10/15/24, 01:40:45 am",SPXW,--,5815C 10/15/24,$49.44,"$163,152",33,$47.20 - $51.40,--
"10/15/24, 01:40:45 am",SPXW,--,5815C 10/15/24,$49.44,"$163,152",33,$47.20 - $51.40,--
"10/15/24, 01:40:45 am",SPXW,--,5820C 10/16/24,$48.94,"$83,198",17,$48 - $49.60,--
"10/15/24, 01:40:45 am",SPXW,--,5820C 10/16/24,$48.94,"$83,198",17,$48 - $49.60,--
"10/15/24, 01:40:45 am",SPXW,--,5820C 10/16/24,$48.94,"$161,502",33,$48 - $49.60,--
"10/15/24, 01:40:45 am",SPXW,--,5820C 10/16/24,$48.94,"$161,502",33,$48 - $49.60,--
"10/15/24, 01:40:39 am",VIX,--,19C 11/20/24,$2.04,"$135,300",660,$2.02 - $2.08,--
"10/15/24, 01:40:39 am",VIX,--,16P 11/20/24,$0.63,"$189,000",3K,$0.62 - $0.66,--
"10/15/24, 01:40:38 am",VIX,--,19P 11/20/24,$2.45,"$161,700",660,$2.44 - $2.50,--
"10/15/24, 01:40:38 am",SPXW,--,5855C 10/15/24,$16.64,"$38,272",23,$16.50 - $16.70,--
"10/15/24, 01:40:17 am",SPXW,--,5880P 10/21/24,$40.76,"$32,608",8,$40.60 - $41,--
"10/15/24, 01:39:59 am",SPXW,--,5790P 10/18/24,$9.60,"$47,040",49,$9.60 - $9.69,--
"10/15/24, 01:39:59 am",SPXW,--,5810P 10/18/24,$12.80,"$62,720",49,$12.80 - $12.90,--
"10/15/24, 01:39:57 am",SPX,--,5775P 10/18/24,$6.41,"$64,100",100,$6.20 - $6.50,--
"10/15/24, 01:39:57 am",SPX,--,5860P 10/18/24,$25.38,"$253,800",100,$24.10 - $24.70,--
"10/15/24, 01:39:57 am",VIX,--,11C 10/16/24,$9.16,"$25,648",28,$9 - $9.25,--
"10/15/24, 01:39:57 am",VIX,--,11C 10/16/24,$9.16,"$339,836",371,$9 - $9.25,--
"10/15/24, 01:39:57 am",VIX,--,11C 11/20/24,$7.51,"$278,621",371,$7.50 - $7.60,--
"10/15/24, 01:39:55 am",QQQ,$497.19,635C 01/15/27,$25.19,"$45,342",18,$23 - $27.50,88
"10/15/24, 01:39:48 am",SPXW,--,5845C 10/16/24,$29.90,"$26,910",9,$29.80 - $30.10,--
"10/15/24, 01:39:38 am",SPXW,--,5850P 10/25/24,$38.67,"$38,670",10,$38.29 - $38.79,--
"10/15/24, 01:39:37 am",SPXW,--,5860P 10/18/24,$27.32,"$27,320",10,$27.20 - $27.50,--
"10/15/24, 01:39:37 am",QQQ,$497.19,494C 10/14/24,$3.24,"$32,400",100,$3.21 - $3.38,10.73K
"10/15/24, 01:39:37 am",QQQ,$497.19,493C 10/14/24,$4.23,"$42,300",100,$3.93 - $4.38,5.885K
"10/15/24, 01:39:29 am",SPX,--,3800P 12/19/25,$42.53,"$127,590",30,$42.10 - $42.90,--
"10/15/24, 01:39:23 am",QQQ,$497.19,635C 01/15/27,$25.01,"$50,020",20,$22.57 - $27.50,70
"10/15/24, 01:39:20 am",SPXW,--,5930C 10/21/24,$8.85,"$30,975",35,$8.69 - $9,--
"10/15/24, 01:39:19 am",SPXW,--,5950C 10/21/24,$5.21,"$40,117",77,$5.09 - $5.30,--
"10/15/24, 01:39:19 am",SPXW,--,5930C 10/21/24,$8.81,"$67,837",77,$8.69 - $9,--
"10/15/24, 01:39:15 am",QQQ,$497.19,635C 01/15/27,$25.08,"$95,304",38,$22.57 - $27.50,50
"10/15/24, 01:39:11 am",SPX,--,6300C 12/20/24,$15.90,"$71,550",45,$15.70 - $16,--
"10/15/24, 01:39:10 am",SPY,$584.15,581C 10/14/24,$3.12,"$31,200",100,$3.06 - $3.15,37.04K
"10/15/24, 01:39:10 am",SPX,--,6300C 12/20/24,$15.90,"$68,370",43,$15.70 - $16,--
"10/15/24, 01:39:06 am",SPY,$584.15,580P 10/31/24,$4.22,"$36,292",86,$4.22 - $4.24,3.71K
"10/15/24, 01:38:52 am",SPXW,--,5865C 10/15/24,$10.40,"$36,400",35,$10.30 - $10.50,--
"10/15/24, 01:38:49 am",SPXW,--,5900P 10/17/24,$46,"$46,000",10,$45.80 - $46.40,--
"10/15/24, 01:38:20 am",SPXW,--,5860P 10/18/24,$27.90,"$27,900",10,$27.70 - $28.10,--
"10/15/24, 01:38:20 am",SPXW,--,5650P 11/08/24,$36.15,"$28,920",8,$35.79 - $36.60,--
"10/15/24, 01:38:17 am",SPX,--,5700P 10/18/24,$2.70,"$28,350",105,$2.54 - $2.70,--
"10/15/24, 01:38:17 am",SPX,--,5700P 10/18/24,$2.70,"$34,020",126,$2.54 - $2.70,--
"10/15/24, 01:38:17 am",SPX,--,5700P 10/18/24,$2.70,"$49,140",182,$2.54 - $2.70,--
"10/15/24, 01:38:17 am",SPX,--,5700P 10/18/24,$2.70,"$71,820",266,$2.54 - $2.70,--
"10/15/24, 01:38:17 am",SPX,--,5700P 10/18/24,$2.70,"$256,230",949,$2.54 - $2.70,--
"10/15/24, 01:38:03 am",SPXW,--,5500P 11/22/24,$33.70,"$47,180",14,$33.29 - $33.70,--
"10/15/24, 01:38:03 am",SPXW,--,5500P 11/22/24,$33.70,"$80,880",24,$33.29 - $33.70,--
"10/15/24, 01:38:03 am",SPXW,--,5500P 11/22/24,$33.70,"$124,690",37,$33.29 - $33.70,--
"10/15/24, 01:38:02 am",VIX,--,20C 10/16/24,$0.42,"$33,600",800,$0.41 - $0.43,--
"10/15/24, 01:37:58 am",VIX,--,20C 10/16/24,$0.42,"$41,412",986,$0.41 - $0.43,--
"10/15/24, 01:37:57 am",SPX,--,5325P 12/20/24,$36.93,"$369,300",100,$36.70 - $37.10,--
"10/15/24, 01:37:57 am",NDXP,--,19250P 10/31/24,$50,"$25,000",5,$50 - $51.10,--
"10/15/24, 01:37:55 am",VIX,--,20C 10/16/24,$0.43,"$28,810",670,$0.41 - $0.45,--
"10/15/24, 01:37:51 am",SPXW,--,5860C 10/16/24,$19.82,"$65,439",33,$19.70 - $19.89,--
"10/15/24, 01:37:51 am",SPXW,--,5860C 10/16/24,$19.82,"$132,861",67,$19.70 - $19.89,--
"10/15/24, 01:37:51 am",SPXW,--,5860C 10/15/24,$13.38,"$44,154",33,$13.30 - $13.50,--
"10/15/24, 01:37:51 am",SPXW,--,5860C 10/15/24,$13.38,"$89,646",67,$13.30 - $13.50,--
"10/15/24, 01:37:51 am",QQQ,$497.19,485C 10/18/24,$13.20,"$26,400",20,$12.99 - $13.29,6.574K
"10/15/24, 01:37:47 am",SPY,$584.23,581P 10/15/24,$0.39,"$60,021",1.539K,$0.39 - $0.40,54.1K
"10/15/24, 01:37:44 am",SPXW,--,5675P 10/16/24,$0.50,"$80,000",1.6K,$0.40 - $0.50,--
"10/15/24, 01:37:44 am",SPXW,--,5600P 10/18/24,$1.46,"$29,200",200,$1.45 - $1.55,--
"10/15/24, 01:37:44 am",SPXW,--,5600P 10/18/24,$1.46,"$116,800",800,$1.45 - $1.55,--
"10/15/24, 01:37:42 am",QQQ,$497.19,480C 10/18/24,$17.93,"$35,860",20,$17.70 - $18.04,5.046K
"10/15/24, 01:37:42 am",VIX,--,11C 10/16/24,$9.16,"$44,884",49,$9 - $9.25,--
"10/15/24, 01:37:42 am",VIX,--,11C 11/20/24,$7.51,"$36,799",49,$7.50 - $7.60,--
"10/15/24, 01:37:40 am",NDXP,--,19250P 10/31/24,$50,"$25,000",5,$50 - $51.30,--
"10/15/24, 01:37:29 am",SPX,--,5500P 11/15/24,$26.90,"$201,750",75,$26.60 - $27,--
"10/15/24, 01:37:29 am",SPY,$584.23,579C 10/14/24,$5.15,"$51,500",100,$5.11 - $5.20,8.914K
"10/15/24, 01:37:27 am",QQQ,$497.09,475P 10/18/24,$0.19,"$38,000",2K,$0.19 - $0.20,13.36K
"10/15/24, 01:37:24 am",SPXW,--,5890C 10/16/24,$6.50,"$65,000",100,$6.40 - $6.60,--
"10/15/24, 01:37:19 am",NDX,--,19600P 10/18/24,$7,"$35,000",50,$6.20 - $7,--
"10/15/24, 01:37:19 am",SPX,--,4300P 06/20/25,$38.50,"$192,500",50,$38.20 - $38.60,--
"10/15/24, 01:37:16 am",SPY,$584.23,579C 10/14/24,$5.15,"$51,500",100,$5.15 - $5.21,8.814K
"10/15/24, 01:37:16 am",SPX,--,4300P 06/20/25,$38.50,"$96,250",25,$38.10 - $38.50,--
"10/15/24, 01:37:11 am",GLD,$245.04,247C 11/29/24,$5.20,"$34,320",66,$5.20 - $5.30,66
"10/15/24, 01:37:11 am",GLD,$245.04,247C 11/29/24,$5.20,"$37,960",73,$5.20 - $5.30,139
"10/15/24, 01:37:05 am",VIX,--,11C 10/16/24,$9.21,"$36,840",40,$9.05 - $9.30,--
"10/15/24, 01:37:05 am",VIX,--,11C 11/20/24,$7.56,"$30,240",40,$7.55 - $7.65,--
"10/15/24, 01:37:05 am",VIX,--,11C 10/16/24,$9.21,"$36,840",40,$9.05 - $9.30,--
"10/15/24, 01:37:05 am",VIX,--,11C 11/20/24,$7.56,"$30,240",40,$7.55 - $7.65,--
"10/15/24, 01:36:55 am",QQQ,$497.09,630C 01/15/27,$26.46,"$52,920",20,$24 - $28.87,612
"10/15/24, 01:36:54 am",VIX,--,11C 10/16/24,$9.21,"$36,840",40,$9.05 - $9.30,--
"10/15/24, 01:36:54 am",VIX,--,11C 11/20/24,$7.56,"$30,240",40,$7.55 - $7.65,--
"10/15/24, 01:36:53 am",QQQ,$497.14,485C 10/18/24,$13.16,"$26,320",20,$12.99 - $13.29,6.554K
"10/15/24, 01:36:50 am",QQQ,$497.14,630C 01/15/27,$26.52,"$53,040",20,$24 - $28.87,592
"10/15/24, 01:36:48 am",SPY,$584.23,579C 10/14/24,$5.15,"$51,500",100,$5.15 - $5.22,8.714K
"10/15/24, 01:36:46 am",SPXW,--,5885C 10/15/24,$3.35,"$34,505",103,$3.30 - $3.40,--
"10/15/24, 01:36:46 am",SPXW,--,5830P 10/15/24,$3.75,"$38,625",103,$3.70 - $3.80,--
"10/15/24, 01:36:46 am",SPXW,--,5835P 10/15/24,$4.50,"$46,350",103,$4.50 - $4.59,--
"10/15/24, 01:36:46 am",QQQ,$497.14,480C 10/18/24,$17.89,"$35,780",20,$17.70 - $18.04,5.026K
"10/15/24, 01:36:36 am",SPXW,--,6100C 11/13/24,$19.10,"$51,570",27,$18.89 - $19.50,--
"10/15/24, 01:36:30 am",SPY,$584.23,565C 10/25/24,$20.99,"$35,683",17,$20.94 - $21.06,56
"10/15/24, 01:36:21 am",SPXW,--,5700P 11/06/24,$38,"$228,000",60,$37.20 - $38.29,--
"10/15/24, 01:36:21 am",SPXW,--,5700P 11/06/24,$38,"$228,000",60,$37.20 - $38.29,--
"10/15/24, 01:36:21 am",SPXW,--,5700P 11/06/24,$38,"$684,000",180,$37.20 - $38.29,--
"10/15/24, 01:36:09 am",QQQ,$497.10,500C 01/17/25,$21.33,"$42,660",20,$21.29 - $21.35,740
"10/15/24, 01:36:01 am",SPXW,--,5750P 11/06/24,$47.38,"$473,800",100,$46.90 - $47.90,--
"10/15/24, 01:36:00 am",SPY,$584.23,579C 10/14/24,$5.17,"$51,700",100,$5.18 - $5.24,8.614K
"10/15/24, 01:35:59 am",SPY,$584.23,579C 10/14/24,$5.18,"$31,080",60,$5.18 - $5.24,8.514K
"10/15/24, 01:35:52 am",SPXW,--,5500P 11/14/24,$26.56,"$31,872",12,$26.10 - $26.70,--
"10/15/24, 01:35:43 am",SPXW,--,5835P 10/15/24,$4.51,"$27,120",60,$4.40 - $4.59,--
"10/15/24, 01:35:43 am",XSP,--,574C 10/16/24,$12.33,"$32,058",26,$12.21 - $12.46,--
"10/15/24, 01:35:43 am",XSP,--,572C 10/16/24,$14.31,"$37,206",26,$14.18 - $14.43,--
"10/15/24, 01:35:43 am",XSP,--,574C 10/16/24,$12.33,"$32,058",26,$12.21 - $12.46,--
"10/15/24, 01:35:43 am",XSP,--,572C 10/16/24,$14.30,"$37,180",26,$14.18 - $14.43,--
"10/15/24, 01:35:38 am",SPXW,--,5895C 10/28/24,$37.45,"$26,215",7,$37.20 - $37.70,--
"10/15/24, 01:35:38 am",SPXW,--,5860C 10/15/24,$13.50,"$33,750",25,$13.50 - $13.70,--
"10/15/24, 01:35:30 am",SPXW,--,5850P 10/18/24,$24,"$40,800",17,$23.50 - $24,--
"10/15/24, 01:35:30 am",SPXW,--,5850P 10/18/24,$23.90,"$38,240",16,$23.50 - $23.90,--
"10/15/24, 01:35:30 am",SPXW,--,5850P 10/18/24,$23.80,"$28,560",12,$23.50 - $23.80,--
"10/15/24, 01:35:30 am",SPXW,--,5850P 10/18/24,$23.90,"$59,750",25,$23.50 - $23.80,--
"10/15/24, 01:35:25 am",SPX,--,5825P 10/18/24,$13.80,"$27,600",20,$13.60 - $13.90,--
"10/15/24, 01:35:19 am",SPY,$584.23,581C 10/14/24,$3.20,"$30,400",95,$3.14 - $3.25,36.76K
"10/15/24, 01:35:19 am",SPY,$584.23,580C 10/14/24,$4.23,"$40,185",95,$4.13 - $4.25,16.23K
"10/15/24, 01:35:17 am",SPY,$584.23,581C 10/14/24,$3.20,"$38,400",120,$3.15 - $3.25,36.6K
"10/15/24, 01:35:17 am",SPY,$584.23,580C 10/14/24,$4.23,"$50,760",120,$4.16 - $4.25,16.07K
"10/15/24, 01:35:15 am",SPY,$584.23,580C 10/14/24,$4.22,"$25,320",60,$4.16 - $4.25,15.94K
"10/15/24, 01:35:13 am",SPY,$584.23,577C 10/14/24,$7.19,"$46,735",65,$7.03 - $7.22,2.617K
"10/15/24, 01:35:13 am",SPXW,--,5840P 10/15/24,$5.42,"$29,810",55,$5.30 - $5.50,--
"10/15/24, 01:35:09 am",SPXW,--,5750P 11/06/24,$47.44,"$474,400",100,$47 - $48,--
"10/15/24, 01:35:09 am",QQQ,$497.10,480C 10/18/24,$17.85,"$35,700",20,$17.64 - $17.97,5.006K
"10/15/24, 01:35:01 am",SPXW,--,5900P 10/16/24,$42,"$33,600",8,$42 - $45,--
"10/15/24, 01:35:01 am",IWM,$222.90,210P 11/15/24,$2.20,"$110,000",500,$2.17 - $2.20,5.053K
"10/15/24, 01:35:01 am",IWM,$222.90,210C 11/15/24,$15.95,"$797,500",500,$15.91 - $15.99,3.555K
"10/15/24, 01:35:00 am",SPXW,--,6100C 11/13/24,$19,"$41,800",22,$18.60 - $19,--
"10/15/24, 01:35:00 am",SPXW,--,6100C 11/13/24,$19,"$39,900",21,$18.70 - $19,--
"10/15/24, 01:35:00 am",SPY,$584.23,580C 10/14/24,$4.12,"$25,132",61,$4.05 - $4.12,15.74K
"10/15/24, 01:35:00 am",SPY,$584.23,600C 01/17/25,$11.75,"$57,575",49,$11.72 - $11.75,2.059K
"10/15/24, 01:34:56 am",VIX,--,20C 10/16/24,$0.46,"$28,658",623,$0.43 - $0.49,--
"10/15/24, 01:34:54 am",SPX,--,5600P 10/18/24,$1.30,"$32,500",250,$1.30 - $1.35,--
"10/15/24, 01:34:49 am",QQQ,$497.10,495P 10/16/24,$1.35,"$27,000",200,$1.34 - $1.35,7.151K
"10/15/24, 01:34:48 am",QQQ,$497.10,492C 12/20/24,$22.80,"$34,200",15,$22.80 - $22.85,295
"10/15/24, 01:34:48 am",SPY,$584.23,577C 10/18/24,$8.47,"$42,350",50,$8.43 - $8.51,989
"10/15/24, 01:34:48 am",SPY,$584.23,576C 10/18/24,$9.33,"$46,650",50,$9.30 - $9.39,835
"10/15/24, 01:34:47 am",SPXW,--,5885C 10/15/24,$3.25,"$26,000",80,$3.20 - $3.30,--
"10/15/24, 01:34:47 am",SPXW,--,5830P 10/15/24,$3.90,"$31,200",80,$3.80 - $4,--
"10/15/24, 01:34:47 am",SPXW,--,5835P 10/15/24,$4.70,"$37,600",80,$4.59 - $4.80,--
"10/15/24, 01:34:42 am",SPY,$584.20,579C 10/14/24,$5.15,"$51,500",100,$5.15 - $5.17,8.134K
"10/15/24, 01:34:42 am",SPXW,--,5885C 10/15/24,$3.27,"$42,510",130,$3.20 - $3.30,--
"10/15/24, 01:34:42 am",SPXW,--,5830P 10/15/24,$3.87,"$50,310",130,$3.80 - $3.90,--
"10/15/24, 01:34:42 am",SPXW,--,5880C 10/15/24,$4.51,"$58,630",130,$4.40 - $4.50,--
"10/15/24, 01:34:42 am",SPXW,--,5835P 10/15/24,$4.63,"$60,190",130,$4.59 - $4.80,--
"10/15/24, 01:34:41 am",NDXP,--,20020P 10/21/24,$45.40,"$36,320",8,$45.40 - $46.40,--
"10/15/24, 01:34:29 am",SPXW,--,5375P 10/31/24,$5.70,"$28,500",50,$5.50 - $5.70,--
"10/15/24, 01:34:28 am",SPY,$584.20,579C 10/14/24,$5.14,"$25,700",50,$5.08 - $5.18,7.984K
"10/15/24, 01:34:28 am",SPY,$584.20,579C 10/14/24,$5.14,"$25,700",50,$5.08 - $5.18,8.034K
"10/15/24, 01:34:26 am",SPXW,--,5850P 10/18/24,$24,"$55,200",23,$23.80 - $24.10,--
"10/15/24, 01:34:26 am",QQQ,$497.10,498P 10/16/24,$2.57,"$51,400",200,$2.54 - $2.58,3.576K
"10/15/24, 01:34:26 am",QQQ,$497.10,498P 10/15/24,$1.88,"$37,600",200,$1.90 - $1.92,44.58K
"10/15/24, 01:34:14 am",SPXW,--,5885C 10/15/24,$3.29,"$26,320",80,$3.20 - $3.40,--
"10/15/24, 01:34:14 am",SPXW,--,5830P 10/15/24,$3.85,"$30,800",80,$3.80 - $3.90,--
"10/15/24, 01:34:14 am",SPXW,--,5835P 10/15/24,$4.63,"$37,120",80,$4.59 - $4.70,--
"10/15/24, 01:34:08 am",SPXW,--,5885C 10/15/24,$3.25,"$32,500",100,$3.20 - $3.30,--
"10/15/24, 01:34:08 am",SPXW,--,5830P 10/15/24,$3.85,"$38,500",100,$3.80 - $3.90,--
"10/15/24, 01:34:08 am",SPXW,--,5835P 10/15/24,$4.65,"$46,500",100,$4.59 - $4.70,--
"10/15/24, 01:34:02 am",QQQ,$497.10,496C 10/14/24,$1.17,"$29,250",250,$1.17 - $1.31,95.17K
"10/15/24, 01:34:00 am",SPXW,--,5875C 10/16/24,$12.15,"$91,125",75,$11.90 - $12.10,--
"10/15/24, 01:34:00 am",SPXW,--,6000C 10/31/24,$12.45,"$93,375",75,$12.20 - $12.40,--
"10/15/24, 01:33:59 am",QQQ,$497.32,485C 10/18/24,$13.17,"$52,680",40,$13.03 - $13.32,6.514K
"10/15/24, 01:33:58 am",QQQ,$497.32,498C 12/20/24,$19.07,"$36,233",19,$19.03 - $19.10,970
"10/15/24, 01:33:58 am",QQQ,$497.32,495C 12/20/24,$20.92,"$39,748",19,$20.89 - $20.96,7.04K
"10/15/24, 01:33:56 am",SPXW,--,5900C 10/25/24,$31.60,"$41,080",13,$31.60 - $31.80,--
"10/15/24, 01:33:52 am",QQQ,$497.32,480C 10/18/24,$17.92,"$69,888",39,$17.72 - $18.09,4.985K
"10/15/24, 01:33:52 am",SPXW,--,5890C 10/15/24,$2.45,"$29,400",120,$2.40 - $2.50,--
"10/15/24, 01:33:52 am",SPXW,--,5885C 10/15/24,$3.45,"$41,400",120,$3.40 - $3.50,--
"10/15/24, 01:33:52 am",SPXW,--,5830P 10/15/24,$3.80,"$45,600",120,$3.70 - $3.90,--
"10/15/24, 01:33:52 am",SPXW,--,5835P 10/15/24,$4.55,"$54,600",120,$4.50 - $4.59,--
"10/15/24, 01:33:50 am",SPXW,--,5830C 10/15/24,$35.29,"$60,010",17,$34.60 - $35.90,--
"10/15/24, 01:33:49 am",SPY,$584.20,579C 10/14/24,$5.18,"$51,800",100,$5.18 - $5.25,7.934K
"10/15/24, 01:33:46 am",SPX,--,5740P 10/18/24,$4,"$40,000",100,$3.90 - $4.09,--
"10/15/24, 01:33:46 am",SPX,--,5775P 10/18/24,$6.25,"$62,500",100,$6.20 - $6.40,--
"10/15/24, 01:33:46 am",SPX,--,5775P 10/18/24,$6.25,"$62,500",100,$6.20 - $6.40,--
"10/15/24, 01:33:46 am",SPX,--,5880P 10/18/24,$32.93,"$164,650",50,$33.90 - $34.79,--
"10/15/24, 01:33:46 am",SPX,--,5880P 10/18/24,$32.93,"$164,650",50,$33.90 - $34.79,--
"10/15/24, 01:33:45 am",SPXW,--,5865C 10/15/24,$10.88,"$30,464",28,$10.80 - $11,--
"10/15/24, 01:33:45 am",SPXW,--,5815C 10/15/24,$49.17,"$137,676",28,$48 - $50.20,--
"10/15/24, 01:33:45 am",SPXW,--,5810P 10/31/24,$38.79,"$108,612",28,$38.70 - $39,--
"10/15/24, 01:33:44 am",SPXW,--,5815C 10/15/24,$49.19,"$29,514",6,$48 - $50.20,--
"10/15/24, 01:33:44 am",SPXW,--,5815C 10/15/24,$49.17,"$108,174",22,$48 - $50.20,--
"10/15/24, 01:33:44 am",SPXW,--,5815C 10/15/24,$49.12,"$29,472",6,$48 - $50.20,--
"10/15/24, 01:33:44 am",SPXW,--,5865C 10/15/24,$10.83,"$36,822",34,$10.80 - $10.90,--
"10/15/24, 01:33:44 am",SPXW,--,5815C 10/15/24,$49.14,"$167,076",34,$48 - $50.20,--
"10/15/24, 01:33:44 am",SPXW,--,5810P 10/31/24,$38.89,"$85,558",22,$38.79 - $39.10,--
"10/15/24, 01:33:44 am",SPXW,--,5810P 10/31/24,$38.90,"$132,294",34,$38.79 - $39.10,--
"10/15/24, 01:33:33 am",SPXW,--,5880C 10/16/24,$10,"$63,000",63,$10 - $10.10,--
"10/15/24, 01:33:22 am",SPXW,--,5880P 10/15/24,$22.50,"$33,750",15,$22.10 - $22.50,--
"10/15/24, 01:33:22 am",SPXW,--,5880P 10/15/24,$22.50,"$36,000",16,$22.10 - $22.50,--
"10/15/24, 01:33:22 am",SPXW,--,5880P 10/15/24,$22.50,"$42,750",19,$22.10 - $22.50,--
"10/15/24, 01:33:20 am",SPXW,--,6100C 11/13/24,$19.10,"$30,560",16,$19 - $19.30,--
"10/15/24, 01:33:15 am",SPXW,--,5885C 10/15/24,$3.50,"$25,900",74,$3.40 - $3.60,--
"10/15/24, 01:33:15 am",SPXW,--,5830P 10/15/24,$3.80,"$28,120",74,$3.70 - $3.90,--
"10/15/24, 01:33:15 am",SPXW,--,5835P 10/15/24,$4.55,"$33,670",74,$4.50 - $4.59,--
"10/15/24, 01:33:13 am",SPXW,--,5820P 10/25/24,$29.72,"$29,720",10,$29.60 - $29.90,--
"10/15/24, 01:33:06 am",SPXW,--,5830P 10/15/24,$3.91,"$28,543",73,$3.70 - $3.90,--
"10/15/24, 01:33:06 am",SPXW,--,5830P 10/15/24,$3.91,"$28,543",73,$3.70 - $3.90,--
"10/15/24, 01:33:06 am",SPXW,--,5830P 10/15/24,$3.91,"$28,934",74,$3.70 - $3.90,--
"10/15/24, 01:33:06 am",SPXW,--,5835P 10/15/24,$4.69,"$34,237",73,$4.50 - $4.59,--
"10/15/24, 01:33:06 am",SPXW,--,5835P 10/15/24,$4.69,"$34,237",73,$4.50 - $4.59,--
"10/15/24, 01:33:06 am",SPXW,--,5885C 10/15/24,$3.39,"$25,078.60",74,$3.40 - $3.60,--
"10/15/24, 01:33:06 am",SPXW,--,5885C 10/15/24,$3.39,"$25,078.60",74,$3.40 - $3.60,--
"10/15/24, 01:33:06 am",SPXW,--,5830P 10/15/24,$3.91,"$28,543",73,$3.70 - $3.90,--
"10/15/24, 01:33:06 am",SPXW,--,5830P 10/15/24,$3.91,"$28,543",73,$3.70 - $3.90,--
"10/15/24, 01:33:06 am",SPXW,--,5830P 10/15/24,$3.91,"$28,934",74,$3.70 - $3.90,--
"10/15/24, 01:33:06 am",SPXW,--,5835P 10/15/24,$4.69,"$34,237",73,$4.50 - $4.59,--
"10/15/24, 01:33:06 am",SPXW,--,5835P 10/15/24,$4.69,"$34,237",73,$4.50 - $4.59,--
"10/15/24, 01:33:06 am",SPXW,--,5835P 10/15/24,$4.69,"$34,706",74,$4.50 - $4.59,--
"10/15/24, 01:33:06 am",SPXW,--,5835P 10/15/24,$4.69,"$34,706",74,$4.50 - $4.59,--
"10/15/24, 01:33:04 am",VIX,--,10.5C 10/16/24,$9.69,"$29,100",30,$9.55 - $9.80,--
"10/15/24, 01:33:04 am",VIX,--,10.5C 10/16/24,$9.71,"$29,130",30,$9.55 - $9.80,--
"10/15/24, 01:33:04 am",VIX,--,10.5C 10/16/24,$9.69,"$29,100",30,$9.55 - $9.80,--
"10/15/24, 01:33:04 am",VIX,--,10.5C 10/16/24,$9.71,"$29,130",30,$9.55 - $9.80,--
"10/15/24, 01:33:04 am",VIX,--,10.5C 10/16/24,$9.69,"$29,100",30,$9.55 - $9.80,--
"10/15/24, 01:33:04 am",VIX,--,10.5C 10/16/24,$9.71,"$29,130",30,$9.55 - $9.80,--
"10/15/24, 01:33:04 am",VIX,--,10.5C 10/16/24,$9.69,"$29,100",30,$9.55 - $9.80,--
"10/15/24, 01:33:04 am",VIX,--,10.5C 10/16/24,$9.71,"$29,130",30,$9.55 - $9.80,--
"10/15/24, 01:33:04 am",VIX,--,10.5C 10/16/24,$9.71,"$28,159",29,$9.55 - $9.80,--
"10/15/24, 01:33:00 am",SPXW,--,6025C 10/31/24,$8.44,"$25,350",30,$8.40 - $8.60,--
"10/15/24, 01:32:58 am",QQQ,$497.32,491C 10/14/24,$6.10,"$101,870",167,$6.01 - $6.11,1.936K
"10/15/24, 01:32:52 am",VIX,--,10.5C 10/16/24,$9.71,"$29,130",30,$9.55 - $9.80,--
"10/15/24, 01:32:50 am",QQQ,$497.32,480C 10/18/24,$17.79,"$71,160",40,$17.67 - $17.98,4.946K
"10/15/24, 01:32:49 am",IWM,$222.90,211P 11/15/24,$2.38,"$51,408",216,$2.34 - $2.38,72.4K
"10/15/24, 01:32:49 am",IWM,$222.90,211P 11/15/24,$2.38,"$52,360",220,$2.34 - $2.38,71.66K
"10/15/24, 01:32:48 am",SPXW,--,5885C 10/15/24,$3.38,"$25,350",75,$3.30 - $3.50,--
"10/15/24, 01:32:48 am",SPXW,--,5830P 10/15/24,$3.86,"$28,950",75,$3.80 - $3.90,--
"10/15/24, 01:32:48 am",SPXW,--,5835P 10/15/24,$4.63,"$34,725",75,$4.59 - $4.70,--
"10/15/24, 01:32:43 am",QQQ,$497.32,485C 10/18/24,$13.10,"$52,400",40,$13 - $13.24,6.474K
"10/15/24, 01:32:32 am",SPXW,--,5835P 10/15/24,$4.72,"$28,320",60,$4.59 - $4.80,--
"10/15/24, 01:32:28 am",QQQ,$497.32,485C 10/18/24,$13.13,"$26,260",20,$13 - $13.27,6.434K
"10/15/24, 01:32:28 am",SPXW,--,6200C 11/18/24,$9.10,"$33,670",37,$8.80 - $9.10,--
"10/15/24, 01:32:27 am",SPXW,--,5885C 10/15/24,$3.34,"$30,060",90,$3.30 - $3.40,--
"10/15/24, 01:32:27 am",SPXW,--,5830P 10/15/24,$3.95,"$35,550",90,$3.90 - $4,--
"10/15/24, 01:32:27 am",SPXW,--,5835P 10/15/24,$4.74,"$42,660",90,$4.70 - $4.80,--
"10/15/24, 01:32:23 am",SPXW,--,5860C 10/16/24,$19.72,"$47,328",24,$19.60 - $19.80,--
"10/15/24, 01:32:23 am",SPXW,--,5860C 10/18/24,$32.14,"$77,136",24,$32 - $32.40,--
"10/15/24, 01:32:18 am",SPXW,--,5975C 10/25/24,$8.90,"$88,110",99,$8.90 - $9,--
"10/15/24, 01:32:17 am",QQQ,$497.27,498P 10/15/24,$1.89,"$27,405",145,$1.88 - $1.91,44.16K
"10/15/24, 01:32:16 am",SPXW,--,5905C 10/16/24,$3.10,"$41,230",133,$3.10 - $3.30,--
"10/15/24, 01:32:15 am",SPXW,--,5850C 10/18/24,$38.40,"$26,880",7,$38.29 - $38.60,--
"10/15/24, 01:32:13 am",SPY,$584.30,582C 10/14/24,$2.18,"$87,200",400,$2.14 - $2.21,86.99K
"10/15/24, 01:32:08 am",QQQ,$497.27,480C 10/18/24,$17.93,"$35,860",20,$17.67 - $18.05,4.885K
"10/15/24, 01:32:00 am",SPX,--,6110C 11/15/24,$19.10,"$26,740",14,$18.89 - $19.20,--
"10/15/24, 01:31:59 am",VIX,--,20C 10/16/24,$0.46,"$31,648",688,$0.45 - $0.47,--
"10/15/24, 01:31:57 am",QQQ,$497.27,493C 10/14/24,$4.20,"$81,060",193,$4.09 - $4.25,5.7K
"10/15/24, 01:31:55 am",QQQ,$497.27,435P 09/19/25,$14.75,"$122,425",83,$14.86 - $15.23,99
"10/15/24, 01:31:49 am",SPY,$584.30,550P 11/15/24,$2.90,"$496,770",1.713K,$2.90 - $2.91,37.15K
"10/15/24, 01:31:49 am",SPY,$584.30,556P 11/15/24,$3.52,"$602,976",1.713K,$3.50 - $3.52,28.19K
"10/15/24, 01:31:49 am",SPY,$584.30,550P 11/15/24,$2.86,"$449,020",1.57K,$2.90 - $2.91,35.43K
"10/15/24, 01:31:49 am",SPY,$584.30,556P 11/15/24,$3.50,"$549,500",1.57K,$3.50 - $3.52,26.48K
"10/15/24, 01:31:49 am",SPY,$584.30,550P 11/15/24,$2.89,"$494,885.70",1.713K,$2.90 - $2.91,33.74K
"10/15/24, 01:31:49 am",SPY,$584.30,550P 11/15/24,$2.90,"$496,770",1.713K,$2.90 - $2.91,23.46K
"10/15/24, 01:31:49 am",SPY,$584.30,556P 11/15/24,$3.52,"$602,976",1.713K,$3.50 - $3.52,14.51K
"10/15/24, 01:31:49 am",SPY,$584.30,556P 11/15/24,$3.52,"$602,976",1.713K,$3.50 - $3.52,24.78K
"10/15/24, 01:31:49 am",SPY,$584.30,550P 11/15/24,$2.90,"$1,490,020",5.138K,$2.90 - $2.91,21.75K
"10/15/24, 01:31:49 am",SPY,$584.30,556P 11/15/24,$3.52,"$1,808,576",5.138K,$3.50 - $3.52,12.79K
"10/15/24, 01:31:49 am",SPY,$584.30,550P 11/15/24,$2.89,"$2,473,850.70",8.563K,$2.90 - $2.91,32.02K
"10/15/24, 01:31:49 am",SPY,$584.30,556P 11/15/24,$3.51,"$3,005,613",8.563K,$3.50 - $3.52,23.07K
"10/15/24, 01:31:49 am",SPY,$584.30,550P 11/15/24,$2.89,"$122,204.70",423,$2.90 - $2.91,16.51K
"10/15/24, 01:31:49 am",SPY,$584.30,556P 11/15/24,$3.53,"$149,319",423,$3.50 - $3.52,7.555K
"10/15/24, 01:31:49 am",SPY,$584.30,550P 11/15/24,$2.88,"$213,120",740,$2.90 - $2.91,14.8K
"10/15/24, 01:31:49 am",SPY,$584.30,556P 11/15/24,$3.52,"$260,480",740,$3.50 - $3.52,5.842K
"10/15/24, 01:31:49 am",SPY,$584.30,550P 11/15/24,$2.88,"$280,224",973,$2.90 - $2.91,14.06K
"10/15/24, 01:31:49 am",SPY,$584.30,556P 11/15/24,$3.52,"$342,496",973,$3.50 - $3.52,5.102K
"10/15/24, 01:31:49 am",SPY,$584.30,550P 11/15/24,$2.89,"$372,681",1.29K,$2.90 - $2.91,16.09K
"10/15/24, 01:31:49 am",SPY,$584.30,556P 11/15/24,$3.53,"$455,370",1.29K,$3.50 - $3.52,7.132K
"10/15/24, 01:31:49 am",SPY,$584.30,550P 11/15/24,$2.89,"$39,579.30",137,$2.90 - $2.91,11.3K
"10/15/24, 01:31:49 am",SPY,$584.30,556P 11/15/24,$3.52,"$48,224",137,$3.50 - $3.51,2.393K
"10/15/24, 01:31:49 am",SPY,$584.30,550P 11/15/24,$2.88,"$57,600",200,$2.90 - $2.91,11.74K
"10/15/24, 01:31:49 am",SPY,$584.30,556P 11/15/24,$3.52,"$70,400",200,$3.50 - $3.51,2.839K
"10/15/24, 01:31:49 am",SPY,$584.30,550P 11/15/24,$2.88,"$70,560",245,$2.90 - $2.91,11.54K
"10/15/24, 01:31:49 am",SPY,$584.30,556P 11/15/24,$3.52,"$86,240",245,$3.50 - $3.51,2.639K
"10/15/24, 01:31:49 am",SPY,$584.30,550P 11/15/24,$2.88,"$324,000",1.125K,$2.90 - $2.91,12.87K
"10/15/24, 01:31:49 am",SPY,$584.30,556P 11/15/24,$3.52,"$396,000",1.125K,$3.50 - $3.51,3.964K
"10/15/24, 01:31:49 am",SPY,$584.30,550P 11/15/24,$2.88,"$493,344",1.713K,$2.90 - $2.91,11.16K
"10/15/24, 01:31:49 am",SPY,$584.30,556P 11/15/24,$3.52,"$602,976",1.713K,$3.50 - $3.51,2.255K
"10/15/24, 01:31:48 am",SPXW,--,5895C 10/15/24,$1.77,"$67,968",384,$1.65 - $1.70,--
"10/15/24, 01:31:48 am",SPXW,--,5825P 10/15/24,$3.17,"$121,728",384,$3.20 - $3.30,--
"10/15/24, 01:31:48 am",SPXW,--,5885C 10/15/24,$3.59,"$137,856",384,$3.30 - $3.50,--
"10/15/24, 01:31:48 am",SPXW,--,5835P 10/15/24,$4.55,"$174,720",384,$4.59 - $4.80,--
"10/15/24, 01:31:48 am",QQQ,$497.27,485C 10/18/24,$13.15,"$26,300",20,$12.96 - $13.29,6.394K
"10/15/24, 01:31:46 am",SPXW,--,5800P 10/29/24,$30,"$36,000",12,$29.90 - $30,--
"10/15/24, 01:31:45 am",QQQ,$497.27,495P 11/15/24,$10.15,"$54,810",54,$10.13 - $10.15,2.669K
"10/15/24, 01:31:45 am",QQQ,$497.27,480C 11/15/24,$25.30,"$25,300",10,$25.30 - $25.38,432
"10/15/24, 01:31:45 am",QQQ,$497.27,495P 11/15/24,$10.13,"$30,390",30,$10.10 - $10.13,2.578K
"10/15/24, 01:31:45 am",QQQ,$497.27,495P 11/15/24,$10.13,"$30,390",30,$10.10 - $10.13,2.614K
"10/15/24, 01:31:42 am",QQQ,$497.27,480C 10/18/24,$17.97,"$35,940",20,$17.82 - $18.11,4.865K
"10/15/24, 01:31:36 am",SPXW,--,5865C 10/23/24,$42,"$159,600",38,$41.90 - $42,--
"10/15/24, 01:31:34 am",SPY,$584.30,583C 10/14/24,$1.24,"$62,000",500,$1.24 - $1.28,236.1K
"10/15/24, 01:31:28 am",QQQ,$497.45,480P 11/01/24,$2.77,"$27,700",100,$2.74 - $2.78,1.365K
"10/15/24, 01:31:28 am",SPXW,--,5975C 10/25/24,$9.10,"$91,000",100,$8.90 - $9.19,--
"10/15/24, 01:31:27 am",QQQ,$497.45,480C 10/18/24,$18.03,"$36,060",20,$17.82 - $18.19,4.845K
"10/15/24, 01:31:27 am",SPXW,--,5835P 10/15/24,$4.57,"$25,135",55,$4.50 - $4.59,--
"10/15/24, 01:31:25 am",SPXW,--,5885C 10/15/24,$3.65,"$31,755",87,$3.60 - $3.70,--
"10/15/24, 01:31:25 am",SPXW,--,5830P 10/15/24,$3.85,"$33,495",87,$3.80 - $3.90,--
"10/15/24, 01:31:25 am",SPXW,--,5835P 10/15/24,$4.59,"$40,020",87,$4.50 - $4.70,--
"10/15/24, 01:31:23 am",SPXW,--,5835P 10/15/24,$4.57,"$45,700",100,$4.50 - $4.59,--
"10/15/24, 01:31:23 am",SPXW,--,5845P 10/15/24,$6.67,"$66,700",100,$6.60 - $6.80,--
"10/15/24, 01:31:22 am",SPX,--,5800P 10/18/24,$9.10,"$27,300",30,$9 - $9.30,--
"10/15/24, 01:31:22 am",SPX,--,5800P 10/18/24,$9.10,"$27,300",30,$9 - $9.30,--
"10/15/24, 01:31:22 am",SPX,--,5900C 10/18/24,$12,"$36,000",30,$11.50 - $11.90,--
"10/15/24, 01:31:22 am",SPX,--,5900C 10/18/24,$12,"$36,000",30,$11.50 - $11.90,--
"10/15/24, 01:31:20 am",QQQ,$497.45,485C 10/18/24,$13.33,"$26,660",20,$13.18 - $13.44,6.374K
"10/15/24, 01:31:18 am",SPXW,--,5850C 10/15/24,$20.83,"$35,411",17,$20.60 - $20.90,--
"10/15/24, 01:31:16 am",SPXW,--,5890C 10/15/24,$2.68,"$35,376",132,$2.65 - $2.70,--
"10/15/24, 01:31:16 am",SPXW,--,5890C 10/15/24,$2.68,"$35,644",133,$2.65 - $2.70,--
"10/15/24, 01:31:16 am",SPXW,--,5885C 10/15/24,$3.77,"$49,764",132,$3.70 - $3.90,--
"10/15/24, 01:31:16 am",SPXW,--,5830P 10/15/24,$3.77,"$49,764",132,$3.70 - $3.80,--
"10/15/24, 01:31:16 am",SPXW,--,5885C 10/15/24,$3.77,"$50,141",133,$3.70 - $3.90,--
"10/15/24, 01:31:16 am",SPXW,--,5830P 10/15/24,$3.77,"$50,141",133,$3.70 - $3.80,--
"10/15/24, 01:31:16 am",SPXW,--,5835P 10/15/24,$4.48,"$59,136",132,$4.40 - $4.59,--
"10/15/24, 01:31:16 am",SPXW,--,5835P 10/15/24,$4.48,"$59,584",133,$4.40 - $4.59,--
"10/15/24, 01:31:11 am",SPXW,--,5885C 10/15/24,$3.72,"$26,040",70,$3.70 - $3.80,--
"10/15/24, 01:31:11 am",SPXW,--,5830P 10/15/24,$3.77,"$26,390",70,$3.70 - $3.80,--
"10/15/24, 01:31:11 am",SPXW,--,5835P 10/15/24,$4.51,"$31,570",70,$4.50 - $4.59,--
"10/15/24, 01:31:03 am",SPXW,--,5865C 10/15/24,$11.35,"$28,375",25,$11.20 - $11.50,--
"10/15/24, 01:31:03 am",SPXW,--,5855C 10/15/24,$17.20,"$43,000",25,$17.10 - $17.30,--
"10/15/24, 01:30:59 am",SPXW,--,5860P 10/15/24,$11.50,"$25,300",22,$11.40 - $11.60,--
"10/15/24, 01:30:57 am",RUT,--,2450C 12/20/24,$23.09,"$30,017",13,$22.80 - $23.40,--
"10/15/24, 01:30:57 am",RUT,--,2150P 12/20/24,$43.45,"$56,485",13,$43.10 - $43.80,--
"10/15/24, 01:30:57 am",RUT,--,2450C 12/20/24,$23.09,"$120,068",52,$22.80 - $23.40,--
"10/15/24, 01:30:57 am",RUT,--,2150P 12/20/24,$43.45,"$225,940",52,$43.10 - $43.80,--
"10/15/24, 01:30:54 am",QQQ,$497.50,495P 10/18/24,$2.40,"$26,160",109,$2.38 - $2.40,10.77K
"10/15/24, 01:30:54 am",QQQ,$497.50,495P 10/18/24,$2.40,"$32,640",136,$2.38 - $2.40,10.5K
"10/15/24, 01:30:54 am",QQQ,$497.50,495P 10/18/24,$2.40,"$39,360",164,$2.38 - $2.40,10.66K
"10/15/24, 01:30:48 am",QQQ,$497.50,630C 01/15/27,$26.54,"$31,848",12,$24 - $28.94,554
"10/15/24, 01:30:44 am",SPXW,--,5400P 11/05/24,$8.69,"$81,780",94,$8.60 - $8.90,--
"10/15/24, 01:30:44 am",SPXW,--,5600P 11/05/24,$17.25,"$162,150",94,$16.89 - $17.39,--
"10/15/24, 01:30:44 am",SPXW,--,5400P 11/05/24,$8.69,"$80,910",93,$8.60 - $8.90,--
"10/15/24, 01:30:44 am",SPXW,--,5400P 11/05/24,$8.69,"$80,910",93,$8.60 - $8.90,--
"10/15/24, 01:30:44 am",SPXW,--,5400P 11/05/24,$8.69,"$81,780",94,$8.60 - $8.90,--
"10/15/24, 01:30:44 am",SPXW,--,5400P 11/05/24,$8.69,"$81,780",94,$8.60 - $8.90,--
"10/15/24, 01:30:44 am",SPXW,--,5400P 11/05/24,$8.69,"$81,780",94,$8.60 - $8.90,--
"10/15/24, 01:30:44 am",SPXW,--,5400P 11/05/24,$8.69,"$81,780",94,$8.60 - $8.90,--
"10/15/24, 01:30:44 am",SPXW,--,5400P 11/05/24,$8.69,"$81,780",94,$8.60 - $8.90,--
"10/15/24, 01:30:44 am",SPXW,--,5600P 11/05/24,$17.25,"$160,425",93,$16.89 - $17.39,--
"10/15/24, 01:30:44 am",SPXW,--,5600P 11/05/24,$17.25,"$160,425",93,$16.89 - $17.39,--
"10/15/24, 01:30:44 am",SPXW,--,5600P 11/05/24,$17.25,"$162,150",94,$16.89 - $17.39,--
"10/15/24, 01:30:44 am",SPXW,--,5600P 11/05/24,$17.25,"$162,150",94,$16.89 - $17.39,--
"10/15/24, 01:30:44 am",SPXW,--,5600P 11/05/24,$17.25,"$162,150",94,$16.89 - $17.39,--
"10/15/24, 01:30:44 am",SPXW,--,5600P 11/05/24,$17.25,"$162,150",94,$16.89 - $17.39,--
"10/15/24, 01:30:44 am",SPXW,--,5600P 11/05/24,$17.25,"$162,150",94,$16.89 - $17.39,--
"10/15/24, 01:30:41 am",SPX,--,4100P 12/20/24,$7.44,"$111,600",150,$7.30 - $7.60,--
"10/15/24, 01:30:41 am",SPX,--,4100P 12/20/24,$7.44,"$111,600",150,$7.30 - $7.60,--
"10/15/24, 01:30:41 am",SPX,--,5300P 12/20/24,$35.07,"$175,350",50,$35 - $35.50,--
"10/15/24, 01:30:41 am",SPX,--,5300P 12/20/24,$35.07,"$175,350",50,$35 - $35.50,--
"10/15/24, 01:30:41 am",SPXW,--,5840C 10/15/24,$27.87,"$25,083",9,$27.80 - $28.20,--
"10/15/24, 01:30:37 am",QQQ,$497.50,485C 10/18/24,$13.25,"$26,500",20,$13.19 - $13.41,6.354K
"10/15/24, 01:30:37 am",SPXW,--,6100C 11/06/24,$12.07,"$30,175",25,$11.50 - $12.40,--
"10/15/24, 01:30:37 am",SPXW,--,6250C 11/15/24,$5.26,"$26,300",50,$5.20 - $5.40,--
"10/15/24, 01:30:34 am",SPX,--,6000C 11/15/24,$48.42,"$164,628",34,$47.80 - $48.50,--
"10/15/24, 01:30:34 am",SPX,--,6000C 11/15/24,$48.42,"$164,628",34,$47.80 - $48.50,--
"10/15/24, 01:30:34 am",SPX,--,6000C 11/15/24,$48.42,"$164,628",34,$47.80 - $48.50,--
"10/15/24, 01:30:34 am",SPX,--,6000C 11/15/24,$48.42,"$164,628",34,$47.80 - $48.50,--
"10/15/24, 01:30:34 am",SPX,--,6000C 11/15/24,$48.42,"$164,628",34,$47.80 - $48.50,--
"10/15/24, 01:30:34 am",SPX,--,6000C 11/15/24,$48.42,"$164,628",34,$47.80 - $48.50,--
"10/15/24, 01:30:34 am",SPX,--,6000C 11/15/24,$48.42,"$876,402",181,$47.80 - $48.50,--
"10/15/24, 01:30:34 am",SPX,--,6000C 11/15/24,$48.42,"$164,628",34,$47.80 - $48.50,--
"10/15/24, 01:30:34 am",SPX,--,6000C 11/15/24,$48.42,"$164,628",34,$47.80 - $48.50,--
"10/15/24, 01:30:34 am",SPX,--,5920C 10/18/24,$6.88,"$137,600",200,$6.20 - $6.50,--
"10/15/24, 01:30:34 am",SPX,--,6000C 11/15/24,$48.41,"$48,410",10,$47.80 - $48.50,--
"10/15/24, 01:30:34 am",SPX,--,5610P 11/15/24,$37.36,"$134,496",36,$38 - $38.50,--
"10/15/24, 01:30:34 am",SPX,--,5610P 11/15/24,$37.36,"$134,496",36,$38 - $38.50,--
"10/15/24, 01:30:34 am",SPX,--,5610P 11/15/24,$37.36,"$134,496",36,$38 - $38.50,--
"10/15/24, 01:30:34 am",SPX,--,5610P 11/15/24,$37.36,"$134,496",36,$38 - $38.50,--
"10/15/24, 01:30:34 am",SPX,--,5610P 11/15/24,$37.36,"$134,496",36,$38 - $38.50,--
"10/15/24, 01:30:34 am",SPX,--,5610P 11/15/24,$37.36,"$134,496",36,$38 - $38.50,--
"10/15/24, 01:30:34 am",SPX,--,5610P 11/15/24,$37.36,"$713,576",191,$38 - $38.50,--
"10/15/24, 01:30:34 am",SPX,--,5920C 10/18/24,$6.88,"$25,456",37,$6.20 - $6.50,--
"10/15/24, 01:30:34 am",SPX,--,5920C 10/18/24,$6.88,"$25,456",37,$6.20 - $6.50,--
"10/15/24, 01:30:34 am",SPX,--,5920C 10/18/24,$6.88,"$25,456",37,$6.20 - $6.50,--
"10/15/24, 01:30:34 am",SPX,--,5920C 10/18/24,$6.88,"$26,144",38,$6.20 - $6.50,--
"10/15/24, 01:30:34 am",SPX,--,5920C 10/18/24,$6.88,"$26,144",38,$6.20 - $6.50,--
"10/15/24, 01:30:34 am",SPX,--,5920C 10/18/24,$6.88,"$26,144",38,$6.20 - $6.50,--
"10/15/24, 01:30:34 am",SPX,--,5920C 10/18/24,$6.88,"$26,144",38,$6.20 - $6.50,--
"10/15/24, 01:30:34 am",SPX,--,5920C 10/18/24,$6.88,"$26,144",38,$6.20 - $6.50,--
"10/15/24, 01:30:33 am",SPXW,--,5825P 10/30/24,$39.20,"$31,360",8,$39.20 - $39.60,--
"10/15/24, 01:30:32 am",QQQ,$497.50,500C 12/20/24,$17.97,"$89,850",50,$17.97 - $17.98,2.767K
"10/15/24, 01:30:31 am",QQQ,$497.50,500C 12/20/24,$17.97,"$71,880",40,$17.97 - $18,2.707K
"10/15/24, 01:30:31 am",QQQ,$497.50,480C 10/18/24,$18.07,"$36,160",20,$17.89 - $18.20,4.825K
"10/15/24, 01:30:29 am",SPXW,--,5830C 10/15/24,$36,"$68,400",19,$36 - $37,--
"10/15/24, 01:30:29 am",SPXW,--,5835P 10/15/24,$4.53,"$27,174",60,$4.50 - $4.59,--
"10/15/24, 01:30:27 am",SPXW,--,5860P 10/15/24,$11.80,"$27,140",23,$11.70 - $11.90,--
"10/15/24, 01:30:26 am",SPXW,--,5860P 10/15/24,$11.70,"$36,270",31,$11.70 - $11.80,--
"10/15/24, 01:30:26 am",SPXW,--,5860P 10/15/24,$11.70,"$37,440",32,$11.70 - $11.80,--
"10/15/24, 01:30:26 am",SPXW,--,5860P 10/15/24,$11.70,"$59,670",51,$11.70 - $11.80,--
"10/15/24, 01:30:26 am",SPY,$584.30,570C 11/01/24,$18.42,"$29,472",16,$18.09 - $18.47,383
"10/15/24, 01:30:24 am",SPXW,--,5860P 10/15/24,$11.80,"$34,220",29,$11.80 - $12,--
"10/15/24, 01:30:24 am",XLC,$90.86,79C 12/20/24,$12.60,"$86,940",69,$10.80 - $15.10,69
"10/15/24, 01:30:22 am",SPXW,--,5860P 10/15/24,$11.70,"$47,970",41,$11.40 - $11.80,--
"10/15/24, 01:30:22 am",SPXW,--,5860P 10/15/24,$11.70,"$72,540",62,$11.40 - $11.80,--
"10/15/24, 01:30:22 am",SPXW,--,5860P 10/15/24,$11.70,"$160,290",137,$11.40 - $11.80,--
"10/15/24, 01:30:20 am",SPY,$584.30,597C 11/15/24,$5.48,"$36,716",67,$5.48 - $5.50,1.333K
"10/15/24, 01:30:19 am",SPY,$584.30,575C 11/15/24,$18.63,"$31,671",17,$18.63 - $18.68,755
"10/15/24, 01:30:17 am",SPY,$584.30,577C 11/15/24,$17.18,"$39,514",23,$17.16 - $17.23,431
"10/15/24, 01:30:15 am",SPY,$584.30,556C 12/20/24,$39.65,"$39,660",10,$39.46 - $39.65,16
"10/15/24, 01:30:10 am",SPY,$584.30,582C 10/14/24,$2.52,"$29,232",116,$2.33 - $2.50,86.53K
"10/15/24, 01:30:10 am",SPXW,--,5895P 10/15/24,$33,"$39,600",12,$32.29 - $33.20,--
"10/15/24, 01:30:04 am",SPY,$584.30,585C 10/25/24,$4.94,"$28,158",57,$4.93 - $4.94,11.17K
"10/15/24, 01:30:03 am",QQQ,$497.50,470C 10/18/24,$27.89,"$83,670",30,$27.77 - $28.22,431
"10/15/24, 01:30:03 am",QQQ,$497.50,540C 12/20/24,$3.15,"$28,350",90,$3.13 - $3.16,764
"10/15/24, 01:30:03 am",QQQ,$497.50,480C 10/18/24,$18.25,"$73,000",40,$17.98 - $18.41,4.805K
"10/15/24, 01:30:01 am",SPXW,--,5840P 10/15/24,$5.11,"$25,550",50,$5 - $5.30,--
"10/15/24, 01:30:01 am",SPXW,--,5800P 10/31/24,$36.10,"$36,100",10,$36 - $36.50,--
"10/15/24, 01:30:01 am",SPY,$584.32,590P 10/21/24,$6.47,"$32,350",50,$6.47 - $6.65,146
"10/15/24, 01:30:01 am",SPY,$584.32,585C 11/01/24,$7.15,"$35,750",50,$7.14 - $7.15,1.205K
"10/15/24, 01:30:01 am",SPY,$584.32,587.5C 11/01/24,$5.70,"$28,500",50,$5.68 - $5.70,105
"10/15/24, 01:30:00 am",SPY,$584.32,574C 10/22/24,$12.01,"$45,638",38,$11.79 - $12.01,48
"10/15/24, 01:30:00 am",SPY,$584.32,615P 11/29/24,$30.72,"$211,968",69,$30.70 - $31.01,798
"10/15/24, 01:30:00 am",ORCL,$176.20,150C 12/20/24,$29.35,"$26,415",9,$29.10 - $29.65,37
"10/15/24, 01:30:00 am",SPY,$584.32,575C 10/22/24,$11.11,"$54,439",49,$10.92 - $11.11,100
"10/15/24, 01:29:59 am",ORCL,$176.20,150C 12/20/24,$29.35,"$26,415",9,$29.10 - $29.35,28
"10/15/24, 01:29:59 am",QQQ,$497.42,470C 10/18/24,$27.89,"$41,835",15,$27.72 - $28.30,401
"10/15/24, 01:29:59 am",SPY,$584.16,581C 10/14/24,$3.34,"$33,400",100,$3.09 - $3.34,36.15K
"10/15/24, 01:29:59 am",SPY,$584.16,610P 11/29/24,$26.26,"$181,194",69,$26.23 - $26.62,1.278K
"10/15/24, 01:29:59 am",SPX,--,5650P 11/15/24,$43.67,"$218,350",50,$43.20 - $43.90,--
"10/15/24, 01:29:59 am",SPY,$584.16,577C 10/14/24,$7.30,"$45,990",63,$7.09 - $7.30,2.507K
"10/15/24, 01:29:59 am",SPY,$584.25,603C 12/31/24,$8.24,"$25,544",31,$8.24 - $8.27,72
"10/15/24, 01:29:58 am",NVDA,$138.06,130C 11/15/24,$12.75,"$25,500",20,$12.35 - $12.75,7.884K
"10/15/24, 01:29:58 am",NVDA,$138.06,134C 11/01/24,$7.85,"$374,445",477,$7.85 - $7.95,3.072K
"10/15/24, 01:29:58 am",NVDA,$138.06,110C 03/21/25,$36.79,"$1,104,000",300,$36.79 - $37,606
"10/15/24, 01:29:58 am",NVDA,$138.06,135P 10/18/24,$1.30,"$34,970",269,$1.28 - $1.30,64.8K
"10/15/24, 01:29:58 am",SMH,$261.26,260C 11/01/24,$8.69,"$85,260",98,$8.69 - $8.85,1.653K
"10/15/24, 01:29:58 am",SMH,$261.26,260C 11/01/24,$8.69,"$86,130",99,$8.69 - $8.85,1.555K
"10/15/24, 01:29:58 am",SMH,$261.26,260C 11/01/24,$8.69,"$26,100",30,$8.65 - $8.69,1.392K
"10/15/24, 01:29:58 am",SMH,$261.26,260C 11/01/24,$8.69,"$26,100",30,$8.65 - $8.69,1.456K
"10/15/24, 01:29:57 am",SMH,$261.26,260C 11/01/24,$8.69,"$26,100",30,$8.65 - $8.69,1.156K
"10/15/24, 01:29:57 am",SMH,$261.26,260C 11/01/24,$8.69,"$26,100",30,$8.65 - $8.69,1.186K
"10/15/24, 01:29:57 am",SMH,$261.26,260C 11/01/24,$8.69,"$26,100",30,$8.65 - $8.69,1.311K
"10/15/24, 01:29:57 am",SMH,$261.26,260C 11/01/24,$8.69,"$26,100",30,$8.65 - $8.69,1.341K
"10/15/24, 01:29:57 am",SMH,$261.26,260C 11/01/24,$8.69,"$34,800",40,$8.65 - $8.69,1.226K
"10/15/24, 01:29:57 am",SMH,$261.26,260C 11/01/24,$8.69,"$34,800",40,$8.65 - $8.69,1.266K
"10/15/24, 01:29:57 am",SMH,$261.26,260C 11/01/24,$8.69,"$26,100",30,$8.65 - $8.69,772
"10/15/24, 01:29:57 am",SMH,$261.26,260C 11/01/24,$8.69,"$26,100",30,$8.65 - $8.69,812
"10/15/24, 01:29:57 am",SMH,$261.26,260C 11/01/24,$8.69,"$26,100",30,$8.65 - $8.69,908
"10/15/24, 01:29:57 am",SMH,$261.26,260C 11/01/24,$8.69,"$26,970",31,$8.65 - $8.69,1.006K
"10/15/24, 01:29:57 am",SMH,$261.26,260C 11/01/24,$8.69,"$34,800",40,$8.65 - $8.69,692
"10/15/24, 01:29:57 am",SMH,$261.26,260C 11/01/24,$8.69,"$34,800",40,$8.65 - $8.69,732
"10/15/24, 01:29:57 am",SMH,$261.26,260C 11/01/24,$8.69,"$34,800",40,$8.65 - $8.69,852
"10/15/24, 01:29:57 am",SMH,$261.26,260C 11/01/24,$8.69,"$34,800",40,$8.65 - $8.69,1.086K
"10/15/24, 01:29:57 am",SPY,$584.20,582C 11/15/24,$13.62,"$47,670",35,$13.62 - $13.66,1.132K
"10/15/24, 01:29:57 am",SPY,$584.20,582C 11/15/24,$13.62,"$57,204",42,$13.62 - $13.66,1.174K
"10/15/24, 01:29:57 am",SPY,$584.20,583C 11/15/24,$12.96,"$58,320",45,$12.96 - $13,1.203K
"10/15/24, 01:29:57 am",SPY,$584.20,582C 11/15/24,$13.62,"$62,652",46,$13.62 - $13.66,1.097K
"10/15/24, 01:29:57 am",GS,$522.89,515C 01/17/25,$33.56,"$33,560",10,$33.15 - $33.90,44
"10/15/24, 01:29:57 am",GS,$522.89,515C 01/17/25,$33.56,"$33,560",10,$33.15 - $33.90,54
"10/15/24, 01:29:57 am",SPXW,--,5870P 10/14/24,$8.90,"$25,810",29,$8.90 - $9.80,--
"10/15/24, 01:29:57 am",SPY,$584.20,581C 10/31/24,$8.96,"$30,464",34,$8.90 - $8.96,190
"10/15/24, 01:29:56 am",TQQQ,$76.16,76P 01/17/25,$8.40,"$25,200",30,$7.90 - $10.30,39
"10/15/24, 01:29:56 am",U,$21.90,22C 12/20/24,$2.60,"$131,040",504,$2.52 - $2.59,1.181K
"10/15/24, 01:29:56 am",U,$21.90,22C 12/20/24,$2.58,"$41,538",161,$2.57 - $2.58,366
"10/15/24, 01:29:56 am",TSM,$192.21,165C 10/18/24,$27.26,"$54,520",20,$26.60 - $27.70,39
"10/15/24, 01:29:56 am",TSM,$192.21,165C 12/20/24,$31.51,"$63,020",20,$31.40 - $31.85,38
"10/15/24, 01:29:55 am",SPXW,--,5980C 10/25/24,$8.23,"$61,725",75,$8.10 - $8.40,--
"10/15/24, 01:29:55 am",SPXW,--,5975C 10/25/24,$9.13,"$68,475",75,$9 - $9.19,--
"10/15/24, 01:29:55 am",SPY,$584.16,575C 11/01/24,$14.22,"$28,440",20,$13.94 - $14.22,183
"10/15/24, 01:29:55 am",MSTR,$201.64,210P 10/18/24,$13.70,"$68,500",50,$13.70 - $14,5.828K
"10/15/24, 01:29:55 am",MSTR,$201.64,230C 01/17/25,$30.27,"$30,270",10,$30.20 - $30.55,581
"10/15/24, 01:29:55 am",SOXL,$40.79,46P 10/18/24,$5.29,"$42,320",80,$5.20 - $6.10,1.098K
"10/15/24, 01:29:55 am",SOXL,$40.79,46P 10/18/24,$5.29,"$57,661",109,$5.20 - $6.10,1.207K
"10/15/24, 01:29:55 am",SPY,$584.16,603C 12/31/24,$8.26,"$28,084",34,$8.25 - $8.26,41
"10/15/24, 01:29:54 am",UPST,$54.08,47.5C 11/15/24,$10.80,"$32,400",30,$10.45 - $11.80,172
"10/15/24, 01:29:54 am",SPY,$584.19,577C 11/15/24,$17.05,"$39,238",23,$17.05 - $17.11,408
"10/15/24, 01:29:53 am",SPY,$584.19,580P 03/31/25,$18.39,"$42,320",23,$18.38 - $18.48,97
"10/15/24, 01:29:53 am",NVDA,$138.05,140C 11/15/24,$6.83,"$30,735",45,$6.80 - $6.90,26.19K
"10/15/24, 01:29:53 am",UBER,$84.93,80P 11/01/24,$1.51,"$75,500",500,$1.50 - $1.59,878
"10/15/24, 01:29:53 am",SPY,$584.19,577C 11/15/24,$17.05,"$39,238",23,$17.07 - $17.11,385
"10/15/24, 01:29:53 am",SPY,$584.19,592C 11/29/24,$9.88,"$26,676",27,$9.88 - $9.91,63
"10/15/24, 01:29:52 am",COIN,$196.31,180C 10/25/24,$19.60,"$25,480",13,$19.60 - $20.14,2.363K
"10/15/24, 01:29:52 am",COIN,$196.31,180C 10/25/24,$19.61,"$49,025",25,$19.60 - $20.14,2.35K
"10/15/24, 01:29:52 am",SPY,$584.20,615P 11/29/24,$30.86,"$212,934",69,$30.86 - $31.15,728
"10/15/24, 01:29:51 am",SPXW,--,5930C 10/28/24,$23.18,"$347,700",150,$22.90 - $23.40,--
"10/15/24, 01:29:51 am",SPXW,--,5930C 10/25/24,$20.32,"$304,800",150,$20.10 - $20.60,--
"10/15/24, 01:29:51 am",SPXW,--,5850P 10/25/24,$39.31,"$589,650",150,$39.10 - $39.60,--
"10/15/24, 01:29:51 am",SPXW,--,5855P 10/25/24,$41.15,"$617,250",150,$40.90 - $41.30,--
"10/15/24, 01:29:51 am",SPY,$584.20,550C 11/01/24,$36.74,"$36,740",10,$36.67 - $36.74,21
"10/15/24, 01:29:50 am",DIA,$430.81,470C 03/21/25,$2.80,"$280,000",1K,$1.08 - $3.85,1.013K
"10/15/24, 01:29:50 am",SPXW,--,5860P 10/21/24,$32.40,"$29,160",9,$32.29 - $32.40,--
"10/15/24, 01:29:50 am",MSTR,$201.53,210C 01/17/25,$36.93,"$36,930",10,$36.29 - $37.25,258
"10/15/24, 01:29:50 am",MSTR,$201.53,190C 01/17/25,$45.16,"$45,160",10,$44.85 - $45.60,145
"10/15/24, 01:29:50 am",NVDA,$137.94,105C 12/20/24,$35.65,"$784,300",220,$35.65 - $35.90,1K
"10/15/24, 01:29:50 am",SPXW,--,5860C 10/21/24,$37.29,"$26,110",7,$37.10 - $37.50,--
"10/15/24, 01:29:50 am",NVDA,$137.97,140C 11/15/24,$6.82,"$68,200",100,$6.80 - $6.85,26.14K
"10/15/24, 01:29:50 am",NVDA,$137.97,130C 10/18/24,$8.44,"$33,800",40,$8.44 - $8.55,20.61K
"10/15/24, 01:29:50 am",NVDA,$137.97,130C 10/18/24,$8.44,"$33,800",40,$8.44 - $8.55,20.65K
"10/15/24, 01:29:50 am",NVDA,$137.97,150C 12/20/24,$7.67,"$76,700",100,$7.65 - $7.70,8.283K
"10/15/24, 01:29:50 am",NVDA,$137.97,130C 10/18/24,$8.44,"$84,500",100,$8.44 - $8.55,20.55K
"10/15/24, 01:29:50 am",HUM,$267.67,270C 10/18/24,$4.25,"$48,875",115,$4 - $4.50,1.092K
"10/15/24, 01:29:50 am",HUM,$267.67,295C 11/08/24,$6.55,"$75,325",115,$6.30 - $6.90,219
"10/15/24, 01:29:49 am",SPXW,--,5860C 10/21/24,$37.20,"$44,640",12,$37.10 - $37.20,--
"10/15/24, 01:29:49 am",SOXL,$40.79,36C 10/18/24,$5.01,"$166,332",332,$5 - $5.09,1.99K
"10/15/24, 01:29:48 am",MSFT,$419.06,450C 03/21/25,$17,"$51,000",30,$17 - $17.25,466
"10/15/24, 01:29:48 am",SOXL,$40.79,36C 10/18/24,$5,"$37,500",75,$5 - $5.09,1.617K
"10/15/24, 01:29:48 am",SPXW,--,5825P 10/15/24,$3.30,"$65,340",198,$3.20 - $3.30,--
"10/15/24, 01:29:48 am",SPXW,--,5850C 10/14/24,$11.32,"$33,960",30,$10 - $12,--
"10/15/24, 01:29:48 am",SPY,$584.09,585P 10/16/24,$2.27,"$25,308",111,$2.27 - $2.29,8.289K
"10/15/24, 01:29:48 am",SQQQ,$7,5C 10/18/24,$2,"$40,000",200,$1.90 - $2.21,321
"10/15/24, 01:29:47 am",SPXW,--,5895C 10/15/24,$1.65,"$29,700",180,$1.55 - $1.70,--
"10/15/24, 01:29:47 am",SPY,$584.14,582P 10/15/24,$0.60,"$26,640",444,$0.59 - $0.60,66.63K
"10/15/24, 01:29:47 am",NVDA,$137.97,140C 12/20/24,$11.66,"$29,150",25,$11.60 - $11.70,19.82K
"10/15/24, 01:29:47 am",SPY,$584.14,578C 11/15/24,$16.32,"$37,536",23,$16.32 - $16.36,313
"10/15/24, 01:29:47 am",QQQ,$497.34,498C 12/20/24,$19.19,"$57,570",30,$19.14 - $19.21,881
"10/15/24, 01:29:47 am",QQQ,$497.34,498C 12/20/24,$19.20,"$134,400",70,$19.14 - $19.21,951
"10/15/24, 01:29:47 am",NVDA,$137.97,138C 10/25/24,$4.05,"$40,500",100,$4.05 - $4.09,23.31K
"10/15/24, 01:29:47 am",NVDA,$137.97,137C 10/18/24,$3.12,"$156,000",500,$3.10 - $3.15,42.76K
"10/15/24, 01:29:47 am",NVDA,$137.97,134C 10/18/24,$5.14,"$257,000",500,$5.09 - $5.20,11.81K
"10/15/24, 01:29:47 am",AMD,$165.18,162.5P 10/18/24,$1.77,"$41,595",235,$1.77 - $1.81,13.5K
"10/15/24, 01:29:46 am",SPY,$584.14,582C 11/15/24,$13.56,"$33,900",25,$13.56 - $13.58,1.051K
"10/15/24, 01:29:46 am",SPXW,--,5825P 10/15/24,$3.20,"$37,760",118,$3.10 - $3.30,--
"10/15/24, 01:29:46 am",SPY,$584.17,575C 11/15/24,$18.55,"$31,552",17,$18.55 - $18.61,710
"10/15/24, 01:29:46 am",CVNA,$189.06,180P 11/01/24,$10.30,"$30,900",30,$10.10 - $10.30,34
"10/15/24, 01:29:46 am",SPXW,--,5845C 10/18/24,$42.10,"$33,680",8,$42.10 - $42.70,--
"10/15/24, 01:29:45 am",BABA,$107.81,100P 01/15/27,$15.16,"$69,736",46,$14.65 - $15.30,47
"10/15/24, 01:29:45 am",BABA,$107.81,100P 01/15/27,$15.16,"$71,252",47,$14.65 - $15.30,94
"10/15/24, 01:29:45 am",SMCI,$47.39,50C 11/15/24,$4,"$26,000",65,$4 - $4.09,4.135K
"10/15/24, 01:29:45 am",SPXW,--,6050C 11/12/24,$28.44,"$28,440",10,$28.20 - $28.80,--
"10/15/24, 01:29:45 am",AMD,$165.19,162.5P 10/18/24,$1.76,"$48,928",278,$1.76 - $1.80,13.2K
"10/15/24, 01:29:45 am",SPXW,--,5865C 10/18/24,$30,"$30,000",10,$30 - $30.30,--
"10/15/24, 01:29:45 am",SPXW,--,5845C 10/18/24,$42.30,"$42,300",10,$42.30 - $42.60,--
"10/15/24, 01:29:45 am",NVDA,$138,150C 11/15/24,$3.25,"$29,250",90,$3.20 - $3.25,21.4K
"10/15/24, 01:29:45 am",NVDA,$138,136C 10/18/24,$3.75,"$32,250",86,$3.70 - $3.75,22.95K
"10/15/24, 01:29:45 am",SPY,$584.15,605P 10/31/24,$20.80,"$106,080",51,$20.53 - $20.80,149
"10/15/24, 01:29:45 am",SPY,$584.15,577C 11/15/24,$17.11,"$39,353",23,$17.09 - $17.16,362
"10/15/24, 01:29:45 am",NVDA,$137.97,130P 11/08/24,$3.35,"$50,250",150,$3.30 - $3.40,1.939K
"10/15/24, 01:29:44 am",SPY,$584.24,576C 11/15/24,$17.89,"$30,430",17,$17.89 - $17.96,594
"10/15/24, 01:29:44 am",SPXW,--,5860P 10/21/24,$31.50,"$37,800",12,$31.40 - $31.50,--
"10/15/24, 01:29:44 am",AMD,$165.26,162.5C 10/18/24,$4.65,"$34,875",75,$4.65 - $4.75,1.741K
"10/15/24, 01:29:43 am",SPY,$584.29,585C 10/25/24,$4.91,"$25,532",52,$4.90 - $4.91,11.05K
"10/15/24, 01:29:43 am",AAPL,$231.45,225C 12/20/24,$14.10,"$45,120",32,$14 - $14.10,2.842K
"10/15/24, 01:29:42 am",TSLA,$219.02,350C 01/16/26,$22.43,"$33,645",15,$22.35 - $22.60,197
"10/15/24, 01:29:42 am",DJT,$29.94,35C 10/18/24,$1.30,"$30,160",232,$1.29 - $1.30,15.34K
"10/15/24, 01:29:42 am",AAPL,$231.44,235C 01/17/25,$10.14,"$25,350",25,$10.05 - $10.15,654
"10/15/24, 01:29:42 am",SPY,$584.32,583P 10/18/24,$2.37,"$35,550",150,$2.37 - $2.39,23.54K
"10/15/24, 01:29:42 am",IBM,$235.29,235C 10/25/24,$7.60,"$40,280",53,$7.55 - $7.75,1.793K
"10/15/24, 01:29:42 am",IBM,$235.29,235C 10/25/24,$7.60,"$41,040",54,$7.55 - $7.75,1.74K
"10/15/24, 01:29:42 am",IBM,$235.29,235C 10/25/24,$7.60,"$152,760",201,$7.55 - $7.75,1.686K
"10/15/24, 01:29:42 am",IBM,$235.29,235C 10/25/24,$7.60,"$44,840",59,$7.60 - $7.75,1.396K
"10/15/24, 01:29:41 am",SPXW,--,5860P 10/21/24,$31.60,"$25,280",8,$31.40 - $32,--
"10/15/24, 01:29:41 am",SPXW,--,5860C 10/17/24,$27.10,"$35,230",13,$27 - $27.30,--
"10/15/24, 01:29:41 am",SPY,$584.32,575C 11/15/24,$18.67,"$31,739",17,$18.64 - $18.73,690
"10/15/24, 01:29:41 am",PDD,$135.97,115P 04/17/25,$6.90,"$37,260",54,$6.60 - $6.90,1.694K
"10/15/24, 01:29:41 am",PDD,$135.97,115P 04/17/25,$6.90,"$40,710",59,$6.60 - $6.90,1.64K
"10/15/24, 01:29:41 am",PDD,$135.97,115P 04/17/25,$6.90,"$153,180",222,$6.60 - $6.95,1.581K
"10/15/24, 01:29:41 am",SPXW,--,5860C 10/21/24,$38.60,"$50,180",13,$38.40 - $38.90,--
"10/15/24, 01:29:41 am",QQQ,$497.53,470C 10/18/24,$27.89,"$41,835",15,$27.77 - $28.14,376
"10/15/24, 01:29:40 am",SPY,$584.30,585C 10/25/24,$4.93,"$30,073",61,$4.92 - $4.93,10.89K
"10/15/24, 01:29:40 am",SPY,$584.30,585C 10/25/24,$4.93,"$55,709",113,$4.92 - $4.93,10.83K
"10/15/24, 01:29:40 am",SPY,$584.30,585C 10/18/24,$2.89,"$32,645.70",113,$2.88 - $2.89,21.06K
"10/15/24, 01:29:40 am",SPXW,--,5870C 10/15/24,$9.40,"$32,900",35,$9.30 - $9.50,--
"10/15/24, 01:29:40 am",SPXW,--,5865C 10/15/24,$11.90,"$41,650",35,$11.80 - $12,--
"10/15/24, 01:29:40 am",SPY,$584.30,585C 10/18/24,$2.89,"$32,645.70",113,$2.88 - $2.89,20.95K
"10/15/24, 01:29:40 am",SPY,$584.30,585C 10/25/24,$4.93,"$55,709",113,$4.92 - $4.93,10.71K
"10/15/24, 01:29:40 am",SPY,$584.30,585C 10/25/24,$4.93,"$55,709",113,$4.92 - $4.93,10.6K
"10/15/24, 01:29:40 am",SPY,$584.30,585C 10/18/24,$2.89,"$32,645.70",113,$2.88 - $2.89,20.84K
"10/15/24, 01:29:40 am",BABA,$107.79,115C 12/20/24,$5.40,"$27,000",50,$5.35 - $5.50,3.768K
"10/15/24, 01:29:40 am",BABA,$107.79,115C 01/17/25,$6.50,"$32,500",50,$6.40 - $6.55,1.489K
"10/15/24, 01:29:40 am",SPY,$584.29,585C 10/25/24,$4.92,"$55,596",113,$4.92 - $4.93,10.45K
"10/15/24, 01:29:40 am",SPY,$584.29,585C 10/18/24,$2.88,"$32,544",113,$2.88 - $2.89,20.69K
"10/15/24, 01:29:40 am",ARM,$161.87,143C 10/18/24,$19.20,"$430,080",224,$18.64 - $19.20,358
"10/15/24, 01:29:39 am",META,$590.20,600C 11/15/24,$27.70,"$30,470",11,$27.60 - $27.70,1.292K
"10/15/24, 01:29:39 am",SPY,$584.25,610P 11/29/24,$26.27,"$181,263",69,$26.27 - $26.50,1.209K
"10/15/24, 01:29:39 am",SPY,$584.23,585C 10/18/24,$2.86,"$32,318",113,$2.85 - $2.86,20.39K
"10/15/24, 01:29:39 am",SPY,$584.23,585C 10/25/24,$4.90,"$55,370",113,$4.88 - $4.90,10.15K
"10/15/24, 01:29:39 am",SPXW,--,5860P 10/18/24,$27.44,"$54,880",20,$27.30 - $27.60,--
"10/15/24, 01:29:39 am",SPXW,--,5865P 10/18/24,$29.56,"$59,120",20,$29.40 - $29.70,--
"10/15/24, 01:29:39 am",QQQ,$497.48,470C 10/18/24,$27.86,"$27,860",10,$27.71 - $28.14,345
"10/15/24, 01:29:39 am",QQQ,$497.48,495C 10/18/24,$5.21,"$66,167",127,$5.20 - $5.26,7.037K
"10/15/24, 01:29:39 am",QQQ,$497.48,510C 12/20/24,$12.71,"$161,417",127,$12.66 - $12.73,417
"10/15/24, 01:29:39 am",SPY,$584.23,530P 01/17/25,$5.14,"$25,700",50,$5.12 - $5.15,737
"10/15/24, 01:29:39 am",QQQ,$497.48,510C 12/20/24,$12.71,"$30,504",24,$12.66 - $12.73,290
"10/15/24, 01:29:38 am",SPY,$584.23,580C 11/15/24,$15,"$34,500",23,$14.99 - $15.02,3.842K
"10/15/24, 01:29:38 am",PLTR,$43.41,43C 01/17/25,$5.15,"$36,050",70,$5.15 - $5.20,630
"10/15/24, 01:29:38 am",SPY,$584.22,581C 10/18/24,$5.42,"$31,978",59,$5.40 - $5.42,11.37K
"10/15/24, 01:29:38 am",SPY,$584.22,590P 10/17/24,$6.05,"$29,645",49,$6.05 - $6.09,187
"10/15/24, 01:29:38 am",QQQ,$497.46,470C 10/18/24,$27.86,"$41,790",15,$27.71 - $28.14,335
"10/15/24, 01:29:38 am",UPST,$54.03,10C 01/17/25,$44.25,"$44,250",10,$43.80 - $44.55,17
"10/15/24, 01:29:37 am",META,$590.14,600C 11/15/24,$27.60,"$30,360",11,$27.55 - $27.60,1.281K
"10/15/24, 01:29:37 am",AAPL,$231.43,232.5P 10/25/24,$3.45,"$69,000",200,$3.45 - $3.50,902
"10/15/24, 01:29:36 am",SPY,$584.20,577C 11/15/24,$17.12,"$39,376",23,$17.12 - $17.16,339
"10/15/24, 01:29:36 am",SPXW,--,5860C 10/21/24,$38.10,"$30,480",8,$37.90 - $38.10,--
"10/15/24, 01:29:36 am",COIN,$196.29,180C 11/22/24,$30,"$33,000",11,$30 - $30,35
"10/15/24, 01:29:36 am",QQQ,$497.44,480C 10/18/24,$18.16,"$72,640",40,$18.02 - $18.23,4.764K
"10/15/24, 01:29:35 am",ARM,$161.86,155P 10/18/24,$1.50,"$25,500",170,$1.45 - $1.50,3.089K
"10/15/24, 01:29:35 am",QQQ,$497.43,490P 11/15/24,$8.38,"$25,140",30,$8.36 - $8.41,5.005K
"10/15/24, 01:29:35 am",SPY,$584.20,578C 11/15/24,$16.37,"$37,651",23,$16.37 - $16.41,290
"10/15/24, 01:29:35 am",CRWD,$310.51,350C 12/20/24,$12.10,"$38,720",32,$12.10 - $12.25,691
"10/15/24, 01:29:35 am",CRWD,$310.51,350C 12/20/24,$12.10,"$38,720",32,$12.10 - $12.25,767
"10/15/24, 01:29:35 am",CRWD,$310.51,350C 12/20/24,$12.10,"$53,240",44,$12.10 - $12.25,735
"10/15/24, 01:29:35 am",NVDA,$138.07,150P 11/08/24,$14,"$25,200",18,$13.75 - $14.15,71
"10/15/24, 01:29:34 am",SPY,$584.20,578C 11/15/24,$16.38,"$37,671.69",23,$16.38 - $16.42,267
"10/15/24, 01:29:34 am",UPST,$54.04,55P 12/20/24,$9.30,"$93,000",100,$9.30 - $9.35,760
"10/15/24, 01:29:34 am",SPXW,--,5500P 11/22/24,$33.79,"$33,800",10,$33.50 - $33.90,--
"10/15/24, 01:29:34 am",BRKB,$460.16,470C 01/17/25,$13.60,"$36,720",27,$13.55 - $13.75,94
"10/15/24, 01:29:33 am",TSLA,$218.93,220C 10/25/24,$9.69,"$194,000",200,$9.65 - $9.69,9.836K
"10/15/24, 01:29:33 am",DJT,$29.94,35P 11/29/24,$13.40,"$34,840",26,$12.70 - $14.10,328
"10/15/24, 01:29:33 am",MSTR,$201.61,192.5C 10/18/24,$13.80,"$42,780",31,$13.80 - $14.35,105
"10/15/24, 01:29:33 am",MSTR,$201.61,235C 11/29/24,$17.89,"$53,700",30,$17.89 - $18.39,434
"10/15/24, 01:29:32 am",AAPL,$231.40,230C 10/18/24,$2.95,"$43,955",149,$2.95 - $2.96,51.96K
"10/15/24, 01:29:32 am",QQQ,$497.42,470C 10/18/24,$27.83,"$25,047",9,$27.65 - $28.07,320
"10/15/24, 01:29:32 am",QQQ,$497.42,470C 10/18/24,$27.83,"$27,830",10,$27.65 - $28.07,311
"10/15/24, 01:29:32 am",NVDA,$138,132C 11/01/24,$9.19,"$45,950",50,$9.15 - $9.25,2.505K
"10/15/24, 01:29:32 am",NVDA,$138,132C 11/01/24,$9.19,"$45,950",50,$9.15 - $9.25,2.555K
"10/15/24, 01:29:32 am",NVDA,$138,128C 11/01/24,$12.18,"$60,900",50,$12.10 - $12.20,2.427K
"10/15/24, 01:29:32 am",NVDA,$138,128C 11/01/24,$12.18,"$60,900",50,$12.10 - $12.20,2.477K
"10/15/24, 01:29:32 am",NVDA,$138,132C 11/01/24,$9.19,"$91,900",100,$9.15 - $9.25,2.455K
"10/15/24, 01:29:32 am",NVDA,$138,128C 11/01/24,$12.18,"$121,800",100,$12.10 - $12.20,2.377K
"10/15/24, 01:29:32 am",SMCX,$9.55,4C 03/21/25,$6.56,"$32,800",50,$6.10 - $7,50
"10/15/24, 01:29:32 am",NVDA,$138,135C 11/01/24,$7.25,"$362,500",500,$7.20 - $7.25,7.767K
"10/15/24, 01:29:32 am",COIN,$196.17,180C 10/25/24,$19.57,"$58,740",30,$19.39 - $19.60,2.324K
"10/15/24, 01:29:31 am",SPY,$584.20,576C 11/15/24,$17.84,"$30,328",17,$17.82 - $17.89,577
"10/15/24, 01:29:31 am",GS,$522.65,512.5C 10/18/24,$14.60,"$36,500",25,$14.30 - $15.75,34
"10/15/24, 01:29:31 am",GS,$522.65,510C 10/18/24,$16.30,"$40,747.50",25,$15.85 - $16.60,333
"10/15/24, 01:29:31 am",TSLA,$218.92,350C 01/16/26,$22.43,"$33,645",15,$22.35 - $22.60,182
"10/15/24, 01:29:30 am",LBPH,$58.99,35C 10/18/24,$24,"$45,600",19,$23.90 - $24.10,361
"10/15/24, 01:29:30 am",NVDA,$138.02,131C 11/01/24,$9.86,"$27,608",28,$9.85 - $9.94,1.353K
"10/15/24, 01:29:30 am",NVDA,$138.02,131C 11/01/24,$9.85,"$65,995",67,$9.85 - $9.94,1.632K
"10/15/24, 01:29:30 am",NVDA,$138.02,131C 11/01/24,$9.85,"$76,830",78,$9.85 - $9.94,1.71K
"10/15/24, 01:29:30 am",NVDA,$138.02,131C 11/01/24,$9.85,"$89,635",91,$9.85 - $9.94,1.451K
"10/15/24, 01:29:30 am",NVDA,$138.02,131C 11/01/24,$9.85,"$89,635",91,$9.85 - $9.94,1.565K
"10/15/24, 01:29:30 am",NVDA,$138.02,131C 11/01/24,$9.85,"$48,265",49,$9.85 - $9.94,1.277K
"10/15/24, 01:29:30 am",DKNG,$37.90,37C 01/17/25,$4.45,"$41,830",94,$4.40 - $4.45,210
"10/15/24, 01:29:30 am",QQQ,$497.38,470C 10/18/24,$27.84,"$38,976",14,$27.65 - $28.07,301
"10/15/24, 01:29:30 am",SMH,$261.31,250P 11/15/24,$5.92,"$58,608",99,$5.85 - $6,471
"10/15/24, 01:29:30 am",SMH,$261.31,250P 12/20/24,$9.84,"$97,416",99,$9.69 - $9.94,210
"10/15/24, 01:29:30 am",UBER,$84.91,65C 12/20/24,$21.15,"$31,725",15,$20.80 - $21.15,16
"10/15/24, 01:29:29 am",IBM,$235.35,235C 10/18/24,$2.35,"$82,955",353,$2.29 - $2.44,3.617K
"10/15/24, 01:29:29 am",TSLA,$218.91,217.5C 10/18/24,$5.37,"$107,400",200,$5.35 - $5.45,41.4K
"10/15/24, 01:29:29 am",MSTR,$201.68,220C 12/20/24,$27.70,"$69,250",25,$27.70 - $28.20,3.049K
"10/15/24, 01:29:28 am",SOFI,$10.03,7C 06/18/26,$4.75,"$33,250",70,$4.75 - $4.80,797
"10/15/24, 01:29:28 am",SPY,$584.19,585C 12/20/24,$17.23,"$344,800",200,$17.23 - $17.25,1.885K
"10/15/24, 01:29:28 am",SPY,$584.19,575C 11/15/24,$18.57,"$31,569",17,$18.57 - $18.62,673
"10/15/24, 01:29:27 am",SPY,$584.19,579C 11/15/24,$15.65,"$45,385",29,$15.65 - $15.69,406
"10/15/24, 01:29:27 am",ABBV,$195.91,210P 10/18/24,$15.67,"$50,144",32,$14.90 - $17.25,129
"10/15/24, 01:29:27 am",ABBV,$195.91,210P 10/18/24,$15.72,"$25,152",16,$14.90 - $17.25,85
"10/15/24, 01:29:27 am",QQQ,$497.41,460P 06/20/25,$16.52,"$33,040",20,$16.47 - $16.57,107
"10/15/24, 01:29:27 am",COST,$889.98,890P 11/01/24,$14.38,"$43,140",30,$14.10 - $14.65,33
"10/15/24, 01:29:27 am",COST,$889.98,900P 11/01/24,$19.63,"$58,890",30,$19.25 - $20,81
"10/15/24, 01:29:27 am",DJT,$29.96,30C 10/18/24,$2.60,"$25,740",99,$2.54 - $2.60,15.7K
"10/15/24, 01:29:27 am",TSLA,$218.91,240C 10/25/24,$3.25,"$32,500",100,$3.15 - $3.25,7.26K
"10/15/24, 01:29:26 am",NVDA,$137.97,130P 11/08/24,$3.35,"$46,900",140,$3.35 - $3.40,1.786K
"10/15/24, 01:29:26 am",SPXW,--,5855C 10/16/24,$23.40,"$28,080",12,$23.30 - $23.40,--
"10/15/24, 01:29:26 am",SPY,$584.19,575C 11/15/24,$18.59,"$31,603",17,$18.59 - $18.64,656
"10/15/24, 01:29:26 am",MSFT,$419.16,380P 11/15/24,$2.52,"$25,200",100,$2.52 - $2.52,661
"10/15/24, 01:29:25 am",NVDA,$137.97,120C 01/17/25,$25.35,"$38,025",15,$25.35 - $25.35,3.886K
"10/15/24, 01:29:25 am",SPXW,--,5840P 10/18/24,$20.67,"$28,938",14,$20.60 - $20.80,--
"10/15/24, 01:29:25 am",SPXW,--,5840P 10/18/24,$20.67,"$43,407",21,$20.60 - $20.80,--
"10/15/24, 01:29:25 am",SPXW,--,5890P 10/18/24,$42.90,"$120,120",28,$42.70 - $43,--
"10/15/24, 01:29:25 am",SPXW,--,5890P 10/18/24,$42.90,"$180,180",42,$42.70 - $43,--
"10/15/24, 01:29:25 am",VST,$132.38,130C 10/18/24,$4.40,"$27,280",62,$4.30 - $4.50,1.628K
"10/15/24, 01:29:24 am",NVDA,$137.97,105C 11/15/24,$34,"$34,000",10,$34 - $34,155
"10/15/24, 01:29:24 am",AAPL,$231.40,250C 12/20/24,$2.80,"$36,400",130,$2.79 - $2.83,1.358K
"10/15/24, 01:29:24 am",NFLX,$713.06,715P 10/18/24,$28.21,"$42,315",15,$27.95 - $28.30,491
"10/15/24, 01:29:24 am",SPY,$584.20,577C 11/15/24,$17.11,"$39,353",23,$17.11 - $17.16,305
"10/15/24, 01:29:24 am",BITX,$30.45,30P 12/20/24,$6.56,"$32,800",50,$6.30 - $6.80,178
"10/15/24, 01:29:23 am",SPXW,--,5870C 10/17/24,$21.10,"$25,320",12,$20.90 - $21.10,--
"10/15/24, 01:29:23 am",SMCI,$47.38,45C 10/18/24,$3,"$47,700",159,$3 - $3.10,8.008K
"10/15/24, 01:29:22 am",QQQ,$497.36,493C 10/14/24,$4.47,"$34,419",77,$4.32 - $4.50,5.48K
"10/15/24, 01:29:22 am",GS,$522.71,490P 11/15/24,$5.45,"$40,875",75,$5.35 - $5.45,230
"10/15/24, 01:29:21 am",MSTR,$201.69,195P 10/18/24,$5.50,"$27,500",50,$5.50 - $5.55,4.918K
"10/15/24, 01:29:21 am",GS,$522.71,510C 10/18/24,$16.64,"$33,300",20,$16.64 - $16.75,308
"10/15/24, 01:29:21 am",QQQ,$497.36,509P 10/18/24,$11.69,"$29,225",25,$11.53 - $11.93,25
"10/15/24, 01:29:21 am",QQQ,$497.36,510P 10/18/24,$12.63,"$31,575",25,$12.46 - $12.79,583
"10/15/24, 01:29:21 am",TSLA,$218.93,212.5P 10/18/24,$2,"$31,000",155,$1.98 - $2,28.73K
"10/15/24, 01:29:21 am",NVDA,$137.97,130C 11/01/24,$10.59,"$52,950",50,$10.55 - $10.65,4.45K
"10/15/24, 01:29:21 am",SPY,$584.16,576C 11/15/24,$17.85,"$30,345",17,$17.85 - $17.89,560
"10/15/24, 01:29:20 am",MSFT,$419.22,460C 03/21/25,$13.80,"$27,600",20,$13.65 - $13.80,6.664K
"10/15/24, 01:29:20 am",TSLA,$218.93,220P 10/18/24,$5.05,"$144,430",286,$5 - $5.09,45.25K
"10/15/24, 01:29:19 am",NVDA,$137.94,110C 10/18/24,$28.07,"$84,210",30,$27.95 - $28.20,1.448K
"10/15/24, 01:29:19 am",XSP,--,587P 10/14/24,$3.65,"$62,050",170,$0.12 - $7.18,--
"10/15/24, 01:29:19 am",SPY,$584.16,578C 11/15/24,$16.37,"$37,651",23,$16.37 - $16.41,244
"10/15/24, 01:29:19 am",AMZN,$187.54,150C 01/17/25,$41.05,"$32,840",8,$40.90 - $41.15,132
"10/15/24, 01:29:19 am",TLT,$93.77,105C 09/30/25,$2.61,"$44,892",172,$2.61 - $2.61,270
"10/15/24, 01:29:18 am",NVDA,$137.94,143P 10/18/24,$5.70,"$33,060",58,$5.70 - $5.80,1.204K
"10/15/24, 01:29:18 am",SPY,$584.21,579C 11/15/24,$15.67,"$45,443",29,$15.67 - $15.71,377
"10/15/24, 01:29:18 am",QQQ,$497.41,485C 10/18/24,$13.39,"$26,780",20,$13.27 - $13.49,6.334K
"10/15/24, 01:29:18 am",COIN,$196.25,170C 10/18/24,$26.63,"$26,630",10,$26.15 - $26.80,1.141K
"10/15/24, 01:29:17 am",NVDA,$137.96,130C 11/01/24,$10.58,"$529,000",500,$10.55 - $10.65,4.4K
"10/15/24, 01:29:17 am",TSLA,$218.99,217.5P 10/18/24,$3.75,"$33,375",89,$3.75 - $3.80,49.67K
"10/15/24, 01:29:17 am",SPXW,--,6050C 11/08/24,$25.82,"$172,994",67,$25.40 - $26.10,--
"10/15/24, 01:29:17 am",SPXW,--,5950C 10/25/24,$14.52,"$97,284",67,$14.30 - $14.80,--
"10/15/24, 01:29:16 am",SNOW,$123.15,125C 11/15/24,$6.15,"$139,605",227,$6.10 - $6.20,674
"10/15/24, 01:29:16 am",SNOW,$123.15,125C 11/15/24,$6.15,"$140,835",229,$6.10 - $6.20,447
"10/15/24, 01:29:16 am",SNOW,$123.15,125C 11/15/24,$6.15,"$186,345",303,$6.10 - $6.20,977
"10/15/24, 01:29:16 am",QQQ,$497.41,485C 10/16/24,$12.72,"$25,440",20,$12.58 - $12.90,41
"10/15/24, 01:29:16 am",QQQ,$497.41,485C 10/15/24,$12.56,"$25,120",20,$12.41 - $12.72,52
"10/15/24, 01:29:16 am",NVDA,$137.99,125C 11/15/24,$16.16,"$43,632",27,$16.10 - $16.25,3.113K
"10/15/24, 01:29:15 am",SPXW,--,5860C 10/17/24,$26.30,"$34,190",13,$26.20 - $26.50,--
"10/15/24, 01:29:15 am",JD,$44.14,24C 10/18/24,$20.12,"$128,768",64,$20 - $20.20,818
"10/15/24, 01:29:15 am",JD,$44.14,26C 10/25/24,$18.16,"$145,280",80,$18.10 - $18.25,900
"10/15/24, 01:29:15 am",ARM,$161.94,143C 10/18/24,$19.25,"$25,025",13,$18.20 - $19.25,121
"10/15/24, 01:29:14 am",CRWD,$310.57,350C 01/17/25,$15.50,"$77,500",50,$15.35 - $15.50,360
"10/15/24, 01:29:14 am",TSM,$192.31,125P 01/17/25,$0.93,"$37,665",405,$0.75 - $1.05,817
"10/15/24, 01:29:13 am",MSTR,$201.79,202.5C 10/18/24,$8.52,"$71,652",84,$8.40 - $8.60,950
"10/15/24, 01:29:13 am",AMZN,$187.58,187.5P 10/18/24,$2,"$39,800",199,$2 - $2,8.144K
"10/15/24, 01:29:13 am",SPXW,--,5875P 10/14/24,$12.90,"$25,800",20,$12.10 - $12.90,--
"10/15/24, 01:29:13 am",SAVA,$27.46,30C 06/20/25,$14.28,"$31,416",22,$13.05 - $14.55,79
"10/15/24, 01:29:12 am",EFA,$82.53,88C 12/20/24,$0.37,"$185,000",5K,$0.23 - $0.56,5K
"10/15/24, 01:29:12 am",EFA,$82.53,77P 12/20/24,$0.80,"$400,000",5K,$0.67 - $0.87,5.048K
"10/15/24, 01:29:12 am",SPY,$584.20,577C 10/15/24,$7.41,"$29,640",40,$7.31 - $7.41,616
"10/15/24, 01:29:12 am",SPY,$584.20,577C 10/15/24,$7.41,"$29,640",40,$7.31 - $7.41,656
"10/15/24, 01:29:12 am",SPY,$584.20,567C 10/15/24,$17.44,"$69,760",40,$17.07 - $18.11,60
"10/15/24, 01:29:12 am",SPY,$584.20,567C 10/15/24,$17.44,"$69,760",40,$17.07 - $18.11,100
"10/15/24, 01:29:12 am",SPY,$584.21,567C 10/14/24,$17.32,"$69,320",40,$17.13 - $17.32,81
"10/15/24, 01:29:12 am",SPY,$584.21,567C 10/14/24,$17.32,"$69,320",40,$17.13 - $17.32,121
"10/15/24, 01:29:12 am",SPXW,--,5865C 10/15/24,$11.11,"$44,440",40,$11.10 - $11.20,--
"10/15/24, 01:29:12 am",SPXW,--,5815C 10/15/24,$49.27,"$197,080",40,$46.80 - $51.40,--
"10/15/24, 01:29:12 am",SPXW,--,5810P 10/31/24,$39.15,"$156,640",40,$39.10 - $39.50,--
"10/15/24, 01:29:12 am",SPXW,--,6050C 11/14/24,$31.67,"$31,670",10,$31.40 - $32,--
"10/15/24, 01:29:12 am",SPXW,--,5865C 10/15/24,$11.30,"$31,640",28,$11.10 - $11.30,--
"10/15/24, 01:29:12 am",SPXW,--,5815C 10/15/24,$49.70,"$139,160",28,$49.10 - $51.40,--
"10/15/24, 01:29:12 am",SPXW,--,5810P 10/31/24,$39.40,"$110,320",28,$39.10 - $39.40,--
"10/15/24, 01:29:12 am",SPXW,--,5865C 10/15/24,$11.40,"$49,020",43,$11.20 - $11.40,--
"10/15/24, 01:29:12 am",SPXW,--,5815C 10/15/24,$49.80,"$214,140",43,$49.10 - $51.40,--
"10/15/24, 01:29:12 am",SPXW,--,5810P 10/31/24,$39.40,"$169,420",43,$39.10 - $39.40,--
"10/15/24, 01:29:12 am",SPY,$584.21,565P 12/31/24,$8.68,"$25,172",29,$8.66 - $8.68,100
"10/15/24, 01:29:12 am",SPY,$584.21,567C 10/14/24,$17.35,"$34,700",20,$17.17 - $17.32,41
"10/15/24, 01:29:12 am",SPY,$584.21,567C 10/15/24,$17.50,"$35,000",20,$17.07 - $18.11,20
"10/15/24, 01:29:11 am",NVDA,$137.97,150C 04/17/25,$16.73,"$30,114",18,$16.64 - $16.80,289
"10/15/24, 01:29:11 am",NVDA,$137.97,150C 04/17/25,$16.73,"$31,787",19,$16.64 - $16.80,308
"10/15/24, 01:29:11 am",NVDA,$137.97,140C 03/21/25,$19.28,"$34,704",18,$19.25 - $19.35,2.627K
"10/15/24, 01:29:11 am",NVDA,$137.97,140C 03/21/25,$19.28,"$36,632",19,$19.25 - $19.35,2.646K
"10/15/24, 01:29:11 am",SOXL,$40.84,41C 01/17/25,$7.70,"$31,570",41,$7.55 - $7.65,321
"10/15/24, 01:29:10 am",TSLA,$219,280C 03/21/25,$12.71,"$25,420",20,$12.65 - $12.80,142
"10/15/24, 01:29:10 am",TSLA,$219,280C 03/21/25,$12.71,"$29,233",23,$12.65 - $12.80,165
"10/15/24, 01:29:10 am",SPY,$584.20,584C 12/20/24,$17.92,"$35,840",20,$17.89 - $17.94,148
"10/15/24, 01:29:09 am",SPXW,--,5815C 10/15/24,$49.70,"$79,520",16,$49.10 - $51.40,--
"10/15/24, 01:29:09 am",SPXW,--,5810P 10/31/24,$39.40,"$63,040",16,$39 - $39.40,--
"10/15/24, 01:29:09 am",SPY,$584.20,605C 12/31/24,$7.50,"$75,000",100,$7.50 - $7.51,333
"10/15/24, 01:29:09 am",SPXW,--,5815C 10/15/24,$49.80,"$54,780",11,$49.10 - $51.40,--
"10/15/24, 01:29:09 am",SPXW,--,5810P 10/31/24,$39.50,"$43,450",11,$39.10 - $39.50,--
"10/15/24, 01:29:09 am",SPXW,--,5815C 10/15/24,$49.70,"$34,790",7,$49.10 - $51.40,--
"10/15/24, 01:29:09 am",SPXW,--,5810P 10/31/24,$39.40,"$27,580",7,$39.10 - $39.40,--
"10/15/24, 01:29:09 am",IWM,$222.80,223P 11/29/24,$6.75,"$48,600",72,$6.70 - $6.80,706
"10/15/24, 01:29:09 am",IWM,$222.80,223P 11/29/24,$6.75,"$106,650",158,$6.70 - $6.80,634
"10/15/24, 01:29:09 am",NDXP,--,20520C 10/15/24,$28,"$42,000",15,$27.10 - $28.90,--
"10/15/24, 01:29:09 am",NDXP,--,20500C 10/15/24,$35.40,"$53,100",15,$34.50 - $36.90,--
"10/15/24, 01:29:08 am",SPXW,--,5815C 10/15/24,$49.90,"$59,880",12,$49.20 - $51.80,--
"10/15/24, 01:29:08 am",SPXW,--,5810P 10/31/24,$39.50,"$47,400",12,$39.10 - $39.50,--
"10/15/24, 01:29:08 am",SPXW,--,5815C 10/15/24,$49.90,"$79,840",16,$49.20 - $51.80,--
"10/15/24, 01:29:08 am",SPXW,--,5810P 10/31/24,$39.50,"$63,200",16,$39.10 - $39.50,--
"10/15/24, 01:29:08 am",ARM,$161.90,150C 10/18/24,$12.60,"$25,200",20,$12.60 - $12.75,1.938K
"10/15/24, 01:29:08 am",NVDA,$137.99,140C 11/15/24,$6.80,"$129,880",191,$6.80 - $6.85,26K
"10/15/24, 01:29:08 am",NMM,$60,25C 01/17/25,$35.29,"$28,240",8,$35.29 - $37.60,8
"10/15/24, 01:29:08 am",SPY,$584.29,582C 11/15/24,$13.65,"$62,790",46,$13.65 - $13.66,1.026K
"10/15/24, 01:29:08 am",PDD,$136.12,90P 06/20/25,$2.99,"$34,086",114,$2.79 - $3,513
"10/15/24, 01:29:07 am",SPY,$584.28,583P 11/15/24,$9.17,"$66,941",73,$9.14 - $9.17,1.938K
"10/15/24, 01:29:07 am",NVDA,$137.97,120C 04/17/25,$31.25,"$625,000",200,$31.20 - $31.35,497
"10/15/24, 01:29:07 am",SPXW,--,5870C 10/15/24,$9.19,"$31,280",34,$9.10 - $9.19,--
"10/15/24, 01:29:07 am",SPXW,--,5825C 10/15/24,$40.97,"$45,067",11,$40 - $42.50,--
"10/15/24, 01:29:07 am",NVDA,$137.96,140C 11/08/24,$6.05,"$33,275",55,$6.05 - $6.10,6.233K
"10/15/24, 01:29:07 am",MSTR,$201.83,192.5C 10/18/24,$14,"$63,000",45,$13.30 - $14.60,55
"10/15/24, 01:29:07 am",DJT,$29.91,35C 10/18/24,$1.31,"$63,142",482,$1.29 - $1.33,14.97K
"10/15/24, 01:29:07 am",DJT,$29.91,30C 10/18/24,$2.52,"$121,946",482,$2.50 - $2.52,15.53K
"10/15/24, 01:29:07 am",DJT,$29.91,30C 10/18/24,$2.52,"$34,020",135,$2.50 - $2.52,15.05K
"10/15/24, 01:29:06 am",DFS,$147.35,155C 10/18/24,$1.85,"$73,260",396,$1.65 - $2.35,407
"10/15/24, 01:29:05 am",SOXL,$40.86,48P 10/18/24,$7.15,"$57,200",80,$7.10 - $7.20,307
"10/15/24, 01:29:05 am",SOXL,$40.86,48P 10/18/24,$7.15,"$85,800",120,$7.10 - $7.20,427
"10/15/24, 01:29:05 am",TQQQ,$76.22,73.5P 10/18/24,$0.67,"$33,701",503,$0.67 - $0.68,1.15K
"10/15/24, 01:29:04 am",COIN,$196.26,260C 11/15/24,$4.90,"$29,400",60,$4.90 - $5,277
"10/15/24, 01:29:04 am",MA,$507.18,515C 01/17/25,$19.18,"$134,260",70,$18.75 - $19.14,77
"10/15/24, 01:29:03 am",NVDA,$138,145C 10/25/24,$1.47,"$36,603",249,$1.47 - $1.49,44.04K
"10/15/24, 01:29:02 am",VIX,--,20C 10/16/24,$0.49,"$31,752",648,$0.48 - $0.49,--
"10/15/24, 01:29:02 am",NVDA,$137.96,130C 11/01/24,$10.58,"$31,740",30,$10.55 - $10.65,3.9K
"10/15/24, 01:29:02 am",VST,$132.34,120C 10/18/24,$12.70,"$27,940",22,$12.40 - $12.80,373
"10/15/24, 01:29:02 am",BA,$149.12,160C 02/21/25,$11.15,"$35,680",32,$10.95 - $11.15,2.084K
"10/15/24, 01:29:02 am",BA,$149.12,160C 02/21/25,$11.15,"$238,610",214,$10.95 - $11.15,2.052K
"10/15/24, 01:29:02 am",BA,$149.12,160C 02/21/25,$11.14,"$297,438",267,$10.95 - $11.15,1.838K
"10/15/24, 01:29:02 am",BA,$149.12,160C 02/21/25,$11.15,"$45,715",41,$10.95 - $11.15,1.57K
"10/15/24, 01:29:02 am",BA,$149.12,160C 02/21/25,$11.15,"$147,180",132,$10.95 - $11.15,1.528K
"10/15/24, 01:29:02 am",BA,$149.12,160C 02/21/25,$11.15,"$39,025",35,$10.95 - $11.15,1.33K
"10/15/24, 01:29:02 am",BA,$149.12,160C 02/21/25,$11.15,"$40,140",36,$10.95 - $11.15,1.265K
"10/15/24, 01:29:01 am",TSLA,$219,222.5C 10/25/24,$8.60,"$49,880",58,$8.60 - $8.65,2.726K
"10/15/24, 01:29:01 am",SPXW,--,6050C 11/14/24,$31.80,"$28,620",9,$31.40 - $32.20,--
"10/15/24, 01:29:00 am",MSFT,$419.36,460C 03/21/25,$13.85,"$63,710",46,$13.75 - $14.05,6.641K
"10/15/24, 01:29:00 am",SPXW,--,5885C 10/18/24,$20.55,"$53,430",26,$20.39 - $20.80,--
"10/15/24, 01:29:00 am",XBI,$99.08,100C 01/17/25,$5.20,"$35,880",69,$5.15 - $5.20,230
"10/15/24, 01:28:59 am",TLT,$93.75,90C 11/15/24,$4.59,"$113,160",246,$4.55 - $4.59,1.243K
"10/15/24, 01:28:59 am",QQQ,$497.46,480C 10/18/24,$18.19,"$36,380",20,$18.05 - $18.29,4.724K
"10/15/24, 01:28:58 am",QQQ,$497.46,449.78P 12/20/24,$4.50,"$96,750",215,$4.47 - $4.50,231
"10/15/24, 01:28:58 am",ARM,$161.91,180C 01/17/25,$15.50,"$46,500",30,$15.50 - $15.70,263
"10/15/24, 01:28:58 am",SPY,$584.21,585P 10/16/24,$2.23,"$30,774",138,$2.23 - $2.24,7.475K
"10/15/24, 01:28:58 am",SPY,$584.21,560C 10/18/24,$24.77,"$37,155",15,$24.69 - $24.82,521
"10/15/24, 01:28:58 am",SPY,$584.21,575C 11/15/24,$18.61,"$27,915",15,$18.57 - $18.64,639
"10/15/24, 01:28:58 am",NVDA,$137.91,160C 03/21/25,$11.90,"$29,750",25,$11.85 - $11.95,1.86K
"10/15/24, 01:28:58 am",SPXW,--,5860C 10/15/24,$14.05,"$28,100",20,$14 - $14.10,--
"10/15/24, 01:28:58 am",SPXW,--,5815C 10/15/24,$49.80,"$84,660",17,$49.20 - $51.70,--
"10/15/24, 01:28:58 am",SPXW,--,5810P 10/31/24,$39.40,"$66,980",17,$39 - $39.40,--
"10/15/24, 01:28:57 am",NVDA,$137.91,135C 11/01/24,$7.15,"$232,375",325,$7.15 - $7.25,7.092K
"10/15/24, 01:28:57 am",SPXW,--,5815C 10/15/24,$49.90,"$84,830",17,$49.20 - $51.70,--
"10/15/24, 01:28:57 am",SPXW,--,5810P 10/31/24,$39.40,"$66,980",17,$39 - $39.40,--
"10/15/24, 01:28:57 am",META,$590.28,625C 11/01/24,$14.10,"$38,070",27,$14 - $14.20,103
"10/15/24, 01:28:57 am",META,$590.28,575C 11/01/24,$36.38,"$98,226",27,$36.20 - $36.50,61
"10/15/24, 01:28:57 am",META,$590.28,600C 11/01/24,$23.48,"$126,792",54,$23.40 - $23.65,533
"10/15/24, 01:28:57 am",SPXW,--,5870C 10/15/24,$9.09,"$25,452",28,$8.90 - $9.10,--
"10/15/24, 01:28:57 am",SPXW,--,5830C 10/15/24,$36.43,"$51,002",14,$36 - $37.70,--
"10/15/24, 01:28:57 am",TQQQ,$76.22,77.5P 10/25/24,$3.12,"$33,384",107,$3.10 - $3.15,369
"10/15/24, 01:28:57 am",COIN,$196.27,160C 10/18/24,$36.45,"$36,450",10,$36.25 - $36.45,139
"10/15/24, 01:28:56 am",SPXW,--,5850C 10/16/24,$26.81,"$26,810",10,$26.70 - $26.90,--
"10/15/24, 01:28:56 am",SPXW,--,5850C 10/18/24,$39.27,"$39,270",10,$39.10 - $39.50,--
"10/15/24, 01:28:56 am",QQQ,$497.46,420P 03/21/25,$6.11,"$27,495",45,$6.09 - $6.13,56
"10/15/24, 01:28:56 am",QQQ,$497.46,433P 03/21/25,$7.54,"$33,930",45,$7.51 - $7.57,50
"10/15/24, 01:28:56 am",GM,$48.64,47C 10/18/24,$1.80,"$42,840",238,$1.79 - $1.80,2.189K
"10/15/24, 01:28:56 am",COIN,$196.32,200C 03/21/25,$38.79,"$34,920",9,$38.79 - $39,452
"10/15/24, 01:28:56 am",ARM,$161.91,135C 11/15/24,$31.80,"$60,420",19,$31.80 - $31.80,87
"10/15/24, 01:28:56 am",ARM,$161.91,135C 11/15/24,$31.80,"$257,580",81,$31.80 - $31.80,168
"10/15/24, 01:28:56 am",QQQ,$497.46,497P 10/15/24,$1.30,"$64,740",498,$1.29 - $1.30,56.52K
"10/15/24, 01:28:55 am",NVDA,$137.88,130C 01/16/26,$37.74,"$773,670",205,$37.60 - $37.85,1.093K
"10/15/24, 01:28:55 am",NVDA,$137.88,120C 01/16/26,$42.54,"$872,070",205,$42.45 - $42.70,422
"10/15/24, 01:28:55 am",AMD,$165.20,120C 11/15/24,$46.20,"$46,200",10,$46.20 - $46.45,25
"10/15/24, 01:28:55 am",SPX,--,6350C 01/17/25,$23.80,"$47,600",20,$23.10 - $23.70,--
"10/15/24, 01:28:54 am",META,$590.21,595C 11/15/24,$30,"$30,000",10,$30 - $30.15,331
"10/15/24, 01:28:54 am",META,$590.21,595C 11/15/24,$30,"$30,000",10,$30 - $30.15,341
"10/15/24, 01:28:54 am",TLT,$93.74,95C 01/17/25,$2.60,"$37,960",146,$2.60 - $2.61,11.22K
"10/15/24, 01:28:54 am",AMD,$165.20,167.5P 10/18/24,$4.25,"$85,000",200,$4.20 - $4.25,7.491K
"10/15/24, 01:28:53 am",SPY,$584.27,585C 11/01/24,$7.10,"$106,500",150,$7.10 - $7.11,1.14K
"10/15/24, 01:28:53 am",SPY,$584.27,583P 10/18/24,$2.40,"$45,120",188,$2.39 - $2.40,23.22K
"10/15/24, 01:28:53 am",QQQ,$497.52,497P 11/01/24,$7.08,"$56,640",80,$7.07 - $7.08,457
"10/15/24, 01:28:52 am",NUGT,$50.17,60C 12/20/24,$2.50,"$25,000",100,$2.50 - $2.54,100
"10/15/24, 01:28:52 am",AMZN,$187.54,185C 12/20/24,$12.50,"$81,250",65,$12.45 - $12.55,685
"10/15/24, 01:28:52 am",AMZN,$187.54,185C 12/20/24,$12.45,"$31,125",25,$12.45 - $12.55,591
"10/15/24, 01:28:52 am",AMZN,$187.54,185C 12/20/24,$12.45,"$33,615",27,$12.45 - $12.55,566
"10/15/24, 01:28:52 am",AMZN,$187.54,185C 12/20/24,$12.45,"$67,230",54,$12.45 - $12.55,539
"10/15/24, 01:28:51 am",NVDA,$137.91,109C 11/15/24,$30.10,"$249,830",83,$29.90 - $30.10,136
"10/15/24, 01:28:51 am",QCOM,$178.07,170C 06/20/25,$28.21,"$28,210",10,$28 - $28.60,16
"10/15/24, 01:28:51 am",TTD,$118.06,135P 06/20/25,$25.05,"$25,050",10,$25 - $25.05,50
"10/15/24, 01:28:50 am",META,$590.29,600C 10/18/24,$3.20,"$39,040",122,$3.10 - $3.20,18.61K
"10/15/24, 01:28:50 am",NVDA,$137.91,160C 03/21/25,$11.90,"$29,750",25,$11.85 - $11.95,1.835K
"10/15/24, 01:28:49 am",SPXW,--,5825C 10/15/24,$41.07,"$184,815",45,$40.70 - $43.20,--
"10/15/24, 01:28:49 am",SPXW,--,5855C 10/14/24,$8.11,"$36,490.50",45,$7.40 - $8.50,--
"10/15/24, 01:28:49 am",XLK,$233.72,215C 01/17/25,$25.50,"$30,600",12,$25.50 - $25.95,35
"10/15/24, 01:28:49 am",SPXW,--,5600P 11/29/24,$49,"$102,900",21,$48.80 - $49.20,--
"10/15/24, 01:28:49 am",NU,$14.67,14C 01/17/25,$1.64,"$49,692",303,$1.63 - $1.67,1.178K
"10/15/24, 01:28:49 am",SPXW,--,5950C 11/01/24,$31.39,"$31,390",10,$31 - $31.50,--
"10/15/24, 01:28:49 am",GOOGL,$164.95,167.5C 10/25/24,$1.63,"$40,750",250,$1.61 - $1.65,2K
"10/15/24, 01:28:48 am",UPST,$53.95,50C 11/01/24,$6.30,"$39,060",62,$6.30 - $6.30,1.314K
"10/15/24, 01:28:47 am",SPY,$584.33,583C 10/14/24,$1.35,"$50,625",375,$1.30 - $1.38,234.8K
"10/15/24, 01:28:47 am",SPXW,--,5875C 10/18/24,$25.43,"$50,860",20,$25.20 - $25.50,--
"10/15/24, 01:28:47 am",SPY,$584.33,585C 10/15/24,$1.02,"$38,250",375,$1.01 - $1.02,84.5K
"10/15/24, 01:28:47 am",SPY,$584.33,583C 10/15/24,$2.19,"$82,125",375,$2.18 - $2.22,49.23K
"10/15/24, 01:28:47 am",TSLA,$219.07,220C 10/25/24,$9.75,"$87,750",90,$9.75 - $9.80,9.622K
"10/15/24, 01:28:47 am",APP,$145.08,180C 03/21/25,$10.60,"$32,860",31,$10.30 - $10.60,1.455K
"10/15/24, 01:28:46 am",SPXW,--,5625P 11/14/24,$39.44,"$552,160",140,$39.40 - $40,--
"10/15/24, 01:28:46 am",QQQ,$497.57,480C 10/18/24,$18.21,"$36,420",20,$18.03 - $18.30,4.704K
"10/15/24, 01:28:45 am",COIN,$196.48,180C 10/25/24,$19.87,"$57,623",29,$19.55 - $19.85,2.293K
"10/15/24, 01:28:45 am",NVDA,$137.94,130C 11/29/24,$14.95,"$26,910",18,$14.85 - $15.05,447
"10/15/24, 01:28:45 am",TSLA,$219.06,220P 11/08/24,$13.44,"$38,976",29,$13.35 - $13.50,465
"10/15/24, 01:28:45 am",EWZ,$28.89,28.5P 10/18/24,$0.16,"$32,000",2K,$0.14 - $0.16,2.057K
"10/15/24, 01:28:44 am",NVDA,$137.91,130C 01/17/25,$18.95,"$28,425",15,$18.95 - $18.95,3.118K
"10/15/24, 01:28:44 am",SPXW,--,5830C 10/14/24,$33.90,"$101,700",30,$33 - $34.29,--
"10/15/24, 01:28:44 am",AAPL,$231.42,235C 01/16/26,$28.75,"$77,625",27,$28.60 - $28.75,531
"10/15/24, 01:28:44 am",SPY,$584.36,585C 12/20/24,$17.32,"$29,444",17,$17.30 - $17.35,1.684K
"10/15/24, 01:28:44 am",SPY,$584.36,578C 11/08/24,$15.13,"$25,721",17,$15.09 - $15.16,99
"10/15/24, 01:28:43 am",SPXW,--,5845C 10/18/24,$43.20,"$25,920",6,$43.20 - $43.50,--
"10/15/24, 01:28:42 am",SPY,$584.32,583C 10/15/24,$2.21,"$27,625",125,$2.19 - $2.23,48.81K
"10/15/24, 01:28:42 am",SPY,$584.32,550P 01/31/25,$8.21,"$64,038",78,$8.19 - $8.21,239
"10/15/24, 01:28:42 am",SPY,$584.32,550P 01/31/25,$8.21,"$73,069",89,$8.19 - $8.21,153
"10/15/24, 01:28:42 am",SPY,$584.32,560P 11/15/24,$4,"$27,600",69,$4 - $4.01,17.35K
"10/15/24, 01:28:41 am",SPY,$584.32,600P 12/20/24,$20.50,"$51,250",25,$20.44 - $20.50,201
"10/15/24, 01:28:41 am",GOOGL,$164.94,175P 12/20/24,$13.20,"$27,720",21,$13.20 - $13.35,899
"10/15/24, 01:28:41 am",PDD,$135.91,135P 06/20/25,$17.30,"$115,910",67,$17.30 - $17.70,2.516K
"10/15/24, 01:28:41 am",PDD,$135.91,135P 06/20/25,$17.30,"$88,230",51,$17.30 - $17.70,2.436K
"10/15/24, 01:28:41 am",PDD,$135.91,135P 06/20/25,$17.30,"$38,060",22,$17.30 - $17.70,2.383K
"10/15/24, 01:28:41 am",PDD,$135.91,135P 06/20/25,$17.30,"$31,140",18,$17.30 - $17.70,2.313K
"10/15/24, 01:28:41 am",PDD,$135.91,135P 06/20/25,$17.30,"$34,600",20,$17.30 - $17.70,1.908K
"10/15/24, 01:28:41 am",PDD,$135.91,135P 06/20/25,$17.30,"$36,330",21,$17.30 - $17.70,2.218K
"10/15/24, 01:28:41 am",PDD,$135.91,135P 06/20/25,$17.30,"$38,060",22,$17.30 - $17.70,2.189K
"10/15/24, 01:28:41 am",PDD,$135.91,135P 06/20/25,$17.30,"$38,060",22,$17.30 - $17.70,2.295K
"10/15/24, 01:28:41 am",PDD,$135.91,135P 06/20/25,$17.30,"$48,440",28,$17.30 - $17.70,2.167K
"10/15/24, 01:28:41 am",PDD,$135.91,135P 06/20/25,$17.30,"$50,170",29,$17.30 - $17.70,2.119K
"10/15/24, 01:28:41 am",PDD,$135.91,135P 06/20/25,$17.30,"$58,854",34,$17.30 - $17.70,1.888K
"10/15/24, 01:28:41 am",PDD,$135.91,135P 06/20/25,$17.30,"$74,390",43,$17.30 - $17.70,2.261K
"10/15/24, 01:28:41 am",PDD,$135.91,135P 06/20/25,$17.30,"$313,130",181,$17.30 - $17.70,2.089K
"10/15/24, 01:28:41 am",PDD,$135.91,135P 06/20/25,$17.30,"$58,820",34,$17.30 - $17.70,1.684K
"10/15/24, 01:28:41 am",PDD,$135.91,135P 06/20/25,$17.30,"$110,720",64,$17.30 - $17.70,1.556K
"10/15/24, 01:28:41 am",PDD,$135.91,135P 06/20/25,$17.30,"$126,290",73,$17.30 - $17.70,1.474K
"10/15/24, 01:28:41 am",PDD,$135.91,135P 06/20/25,$17.30,"$160,890",93,$17.30 - $17.70,1.814K
"10/15/24, 01:28:40 am",HUM,$267.48,300C 03/21/25,$20.50,"$30,750",15,$20.50 - $21,23
"10/15/24, 01:28:40 am",QQQ,$497.57,485C 10/18/24,$13.50,"$62,100",46,$13.43 - $13.64,6.314K
"10/15/24, 01:28:40 am",QQQ,$497.57,490C 10/18/24,$9.09,"$83,628",92,$8.99 - $9.19,1.588K
"10/15/24, 01:28:39 am",ARM,$161.91,175C 10/25/24,$2.35,"$26,790",114,$2.25 - $2.35,2.487K
"10/15/24, 01:28:39 am",ARM,$161.91,175C 10/25/24,$2.35,"$26,790",114,$2.25 - $2.35,2.611K
"10/15/24, 01:28:39 am",RIVN,$10.32,11C 06/20/25,$2.37,"$26,781",113,$2.34 - $2.37,1.646K
"10/15/24, 01:28:39 am",AMC,$4.13,4.5C 11/15/24,$0.31,"$54,064",1.744K,$0.31 - $0.32,3.324K
"10/15/24, 01:28:39 am",LRCX,$85.83,100C 01/17/25,$2.84,"$38,056",134,$2.73 - $2.86,582
"10/15/24, 01:28:39 am",WDC,$66.87,72.5C 02/21/25,$4.84,"$92,150",190,$4.84 - $4.95,1.002K
"10/15/24, 01:28:38 am",QQQ,$497.57,475P 11/15/24,$4.87,"$38,473",79,$4.84 - $4.87,3.642K
"10/15/24, 01:28:38 am",QQQ,$497.57,475P 11/15/24,$4.87,"$43,830",90,$4.84 - $4.87,3.736K
"10/15/24, 01:28:36 am",SPXW,--,5860C 10/17/24,$27.30,"$43,680",16,$27.10 - $27.50,--
"10/15/24, 01:28:36 am",SPXW,--,5860C 10/18/24,$33.75,"$54,000",16,$33.60 - $33.90,--
"10/15/24, 01:28:36 am",SPXW,--,5860C 10/18/24,$33.75,"$97,875",29,$33.60 - $33.90,--
"10/15/24, 01:28:36 am",SPXW,--,5860C 10/17/24,$27.30,"$79,170",29,$27.10 - $27.50,--
"10/15/24, 01:28:36 am",SPXW,--,5835P 10/17/24,$14.10,"$25,380",18,$14 - $14.20,--
"10/15/24, 01:28:36 am",SPXW,--,5885C 10/18/24,$20.86,"$41,720",20,$20.70 - $21,--
"10/15/24, 01:28:36 am",SPXW,--,5845P 10/18/24,$21.75,"$43,500",20,$21.60 - $21.90,--
"10/15/24, 01:28:35 am",SPX,--,5835C 10/18/24,$47.20,"$42,480",9,$47.20 - $48.40,--
"10/15/24, 01:28:34 am",MSTR,$201.83,225C 11/15/24,$17.28,"$34,560",20,$17.10 - $17.70,627
"10/15/24, 01:28:34 am",NVDA,$137.94,126C 03/21/25,$26.40,"$31,680",12,$26.40 - $26.45,134
"10/15/24, 01:28:34 am",NVDA,$137.94,126C 03/21/25,$26.40,"$31,680",12,$26.40 - $26.45,146
"10/15/24, 01:28:34 am",MSFT,$419.36,400C 12/20/24,$31.82,"$31,820",10,$31.70 - $32,118
"10/15/24, 01:28:33 am",SOXL,$40.90,45C 11/15/24,$2.93,"$29,300",100,$2.89 - $2.96,2.832K
"10/15/24, 01:28:33 am",SPXW,--,5900C 10/31/24,$47,"$47,000",10,$47 - $47.20,--
"10/15/24, 01:28:33 am",NVDA,$137.96,138C 10/18/24,$2.54,"$32,258",127,$2.54 - $2.56,112.8K
"10/15/24, 01:28:33 am",DIA,$431.02,427C 10/18/24,$5.13,"$57,456",112,$5.09 - $5.20,770
"10/15/24, 01:28:32 am",NVDA,$138,126C 03/21/25,$26.40,"$47,520",18,$26.40 - $26.50,110
"10/15/24, 01:28:32 am",NVDA,$138,139C 10/18/24,$2.08,"$27,456",132,$2.06 - $2.10,95.88K
"10/15/24, 01:28:31 am",DFS,$147.35,150C 11/01/24,$4.80,"$480,000",1K,$4.80 - $5.60,1K
"10/15/24, 01:28:31 am",DFS,$147.35,150C 11/15/24,$8.40,"$840,000",1K,$7.90 - $8.50,1.009K
"10/15/24, 01:28:31 am",SPY,$584.40,580C 11/15/24,$15.14,"$37,850",25,$15.12 - $15.16,3.803K
"10/15/24, 01:28:30 am",XLF,$46.81,50C 01/17/25,$0.51,"$35,700",700,$0.49 - $0.51,15.16K
"10/15/24, 01:28:30 am",SPY,$584.42,580C 11/15/24,$15.12,"$37,800",25,$15.11 - $15.14,3.778K
"10/15/24, 01:28:30 am",SMR,$13.97,30C 02/21/25,$0.67,"$63,516",948,$0.65 - $0.70,2.75K
"10/15/24, 01:28:30 am",SMR,$13.97,30C 02/21/25,$0.67,"$113,230",1.69K,$0.65 - $0.70,1.796K
"10/15/24, 01:28:30 am",SPXW,--,5890P 10/15/24,$28.80,"$34,560",12,$28.40 - $28.80,--
"10/15/24, 01:28:29 am",TGTX,$22.83,25C 01/17/25,$2.85,"$26,220",92,$2.80 - $2.85,126
"10/15/24, 01:28:29 am",SPY,$584.42,575C 11/15/24,$18.76,"$31,892",17,$18.76 - $18.80,624
"10/15/24, 01:28:28 am",SPY,$584.41,580C 11/15/24,$15.12,"$37,800",25,$15.11 - $15.16,3.728K
"10/15/24, 01:28:28 am",SPY,$584.41,580C 11/15/24,$15.13,"$37,825",25,$15.11 - $15.16,3.753K
"10/15/24, 01:28:28 am",NVDA,$138,140C 11/15/24,$6.80,"$102,000",150,$6.80 - $6.85,25.77K
"10/15/24, 01:28:27 am",ABBV,$195.99,170C 01/17/25,$28.53,"$65,619",23,$28.10 - $28.65,39
"10/15/24, 01:28:27 am",ABBV,$195.99,190C 06/20/25,$17.98,"$41,354",23,$17.80 - $18.45,36
"10/15/24, 01:28:27 am",WFC,$62.18,62.5P 10/18/24,$0.81,"$48,600",600,$0.78 - $0.83,2.231K
"10/15/24, 01:28:27 am",JD,$44.12,68C 11/22/24,$0.48,"$60,000",1.25K,$0.25 - $1.67,1.251K
"10/15/24, 01:28:27 am",JD,$44.12,51C 11/22/24,$1.51,"$151,000",1K,$1.31 - $1.57,1.006K
"10/15/24, 01:28:27 am",NVDA,$137.99,124C 02/21/25,$25.38,"$50,760",20,$25.30 - $25.45,4.07K
"10/15/24, 01:28:27 am",NVDA,$137.99,150C 04/17/25,$16.73,"$33,460",20,$16.64 - $16.80,271
"10/15/24, 01:28:26 am",SPXW,--,5950C 10/25/24,$15.05,"$36,120",24,$14.90 - $15.20,--
"10/15/24, 01:28:26 am",SPXW,--,6050C 11/08/24,$26.37,"$63,288",24,$26 - $26.70,--
"10/15/24, 01:28:26 am",SAVA,$27.41,40C 12/20/24,$8.50,"$39,950",47,$8.19 - $9.30,440
"10/15/24, 01:28:26 am",SAVA,$27.41,40C 06/20/25,$12.60,"$59,220",47,$11.70 - $12.90,60
"10/15/24, 01:28:26 am",META,$590.53,590C 10/18/24,$7.20,"$145,440",202,$7.20 - $7.25,2.839K
"10/15/24, 01:28:26 am",NVDA,$137.96,139P 10/18/24,$3,"$53,100",177,$3 - $3,42.11K
"10/15/24, 01:28:25 am",META,$590.44,595P 10/18/24,$9,"$43,200",48,$8.80 - $9,4.753K
"10/15/24, 01:28:24 am",QCOM,$178.05,180C 11/01/24,$5.12,"$30,208",59,$5 - $5.15,794
"10/15/24, 01:28:24 am",QQQ,$497.58,510P 10/18/24,$12.40,"$63,240",51,$12.21 - $12.40,557
"10/15/24, 01:28:24 am",QCOM,$178.05,180C 11/01/24,$5.15,"$31,930",62,$5 - $5.15,697
"10/15/24, 01:28:23 am",AAPL,$231.44,232.5C 10/25/24,$2.75,"$52,250",190,$2.75 - $2.80,6.218K
"10/15/24, 01:28:23 am",CRWD,$310.64,350C 12/20/24,$12.20,"$30,500",25,$12.20 - $12.45,594
"10/15/24, 01:28:23 am",SPY,$584.42,589P 10/25/24,$6.67,"$53,360",80,$6.67 - $6.72,271
"10/15/24, 01:28:22 am",TSLA,$219.13,220C 01/17/25,$23.51,"$176,325",75,$23.45 - $23.55,2.175K
"10/15/24, 01:28:22 am",SPY,$584.42,580C 11/15/24,$15.14,"$37,850",25,$15.12 - $15.16,3.703K
"10/15/24, 01:28:22 am",SQ,$71.73,80C 11/08/24,$2.06,"$41,200",200,$2 - $2.10,588
"10/15/24, 01:28:22 am",SQ,$71.73,80C 11/15/24,$2.40,"$48,000",200,$2.37 - $2.42,1.104K
"10/15/24, 01:28:21 am",GOOGL,$164.95,175P 12/20/24,$13.23,"$30,429",23,$13.20 - $13.35,861
"10/15/24, 01:28:21 am",GOOGL,$164.95,175P 12/20/24,$13.23,"$31,752",24,$13.20 - $13.35,838
"10/15/24, 01:28:21 am",SPY,$584.42,580C 11/15/24,$15.13,"$37,825",25,$15.12 - $15.16,3.678K
"10/15/24, 01:28:21 am",MDB,$289.74,290C 02/21/25,$37.35,"$26,145",7,$37.25 - $37.35,87
"10/15/24, 01:28:20 am",SPXW,--,5855C 10/14/24,$9.28,"$41,805",45,$8.90 - $9.60,--
"10/15/24, 01:28:20 am",SPXW,--,5825C 10/15/24,$42.15,"$189,675",45,$40.70 - $44,--
"10/15/24, 01:28:19 am",AVGO,$182.33,185C 11/01/24,$5.09,"$25,450",50,$5 - $5.15,641
"10/15/24, 01:28:19 am",AVGO,$182.33,185C 11/01/24,$5.09,"$25,450",50,$5 - $5.15,691
"10/15/24, 01:28:19 am",SQ,$71.73,70P 01/17/25,$5.90,"$27,140",46,$5.90 - $5.95,96
"10/15/24, 01:28:19 am",GOOGL,$164.95,162.5P 10/25/24,$1.47,"$35,280",240,$1.45 - $1.47,2.028K
"10/15/24, 01:28:19 am",QCOM,$178.03,172.5C 10/18/24,$6.56,"$26,240",40,$6.45 - $6.70,6.945K
"10/15/24, 01:28:19 am",QCOM,$178.03,172.5C 10/18/24,$6.56,"$26,240",40,$6.45 - $6.70,6.865K
"10/15/24, 01:28:19 am",NVDA,$137.94,138P 10/25/24,$3.80,"$28,500",75,$3.80 - $3.90,9.243K
"10/15/24, 01:28:19 am",QCOM,$178.03,172.5C 10/18/24,$6.56,"$26,240",40,$6.45 - $6.70,6.825K
"10/15/24, 01:28:18 am",SPXW,--,5700P 11/07/24,$42.45,"$25,470",6,$42 - $43,--
"10/15/24, 01:28:18 am",QQQ,$497.60,480C 10/18/24,$18.29,"$73,160",40,$18.14 - $18.38,4.684K
"10/15/24, 01:28:17 am",NVDA,$138,138P 10/18/24,$2.50,"$25,000",100,$2.48 - $2.50,65.47K
"10/15/24, 01:28:17 am",NVDA,$138,136C 01/17/25,$15.73,"$62,920",40,$15.70 - $15.75,582
"10/15/24, 01:28:17 am",NVDA,$138,135C 01/17/25,$16.23,"$64,960",40,$16.14 - $16.25,1.728K
"10/15/24, 01:28:17 am",SERV,$8.93,7C 10/18/24,$1.90,"$36,100",190,$1.50 - $3,191
"10/15/24, 01:28:16 am",NVDA,$138,120C 10/18/24,$18.17,"$36,340",20,$18.10 - $18.25,3.935K
"10/15/24, 01:28:16 am",NVDA,$138,115C 12/20/24,$27.43,"$27,430",10,$27.35 - $27.50,280
"10/15/24, 01:28:15 am",NVDA,$138,125C 04/17/25,$28.35,"$34,020",12,$28.30 - $28.45,138
"10/15/24, 01:28:15 am",NVDA,$138,125C 04/17/25,$28.35,"$45,360",16,$28.30 - $28.45,114
"10/15/24, 01:28:13 am",GOOG,$166.33,150C 11/01/24,$17.45,"$33,155",19,$17.35 - $17.45,24
"10/15/24, 01:28:13 am",BA,$149.10,150C 10/18/24,$2.16,"$31,320",145,$2.09 - $2.16,9.401K
"10/15/24, 01:28:13 am",SPY,$584.41,577C 11/15/24,$17.26,"$39,698",23,$17.23 - $17.30,282
"10/15/24, 01:28:13 am",NVDA,$138.03,135C 11/01/24,$7.25,"$221,125",305,$7.25 - $7.30,6.743K
"10/15/24, 01:28:13 am",NVDA,$138.03,135C 11/01/24,$7.25,"$35,525",49,$7.25 - $7.30,6.438K
"10/15/24, 01:28:12 am",MSTR,$201.76,210C 11/01/24,$14.55,"$52,380",36,$14.55 - $14.65,682
"10/15/24, 01:28:12 am",MSFT,$419.40,400C 12/20/24,$31.80,"$31,800",10,$31.55 - $32.04,108
"10/15/24, 01:28:11 am",VXX,$52.17,55C 11/01/24,$2.02,"$32,683",161,$1.85 - $2.18,530
"10/15/24, 01:28:10 am",TSLA,$219.13,217.5C 10/18/24,$5.51,"$26,999",49,$5.50 - $5.55,40.95K
"10/15/24, 01:28:10 am",TTD,$118.04,140P 06/20/25,$28.50,"$28,500",10,$28.30 - $29.20,43
